2908 4856
435 367 466 414 c.
491 365 645 414 vunnurt
675 364 904 418 erraneum.
1157 347 1225 416 498

158 514 267 593 pariter
281 533 316 574 ac
328 533 374 574 res
386 516 493 592 passim
506 517 648 595 explieat.
675 517 784 598 Neque
799 525 897 579 tamen
913 516 1087 578 Paterculus
1102 519 1222 580 omniuo

157 613 221 689 ejus
235 631 293 689 ope
313 611 471 673 destitutus
497 624 563 686 cst;
586 635 655 679 nam
675 627 705 677 et
729 618 821 677 bonas
835 614 1062 687 emendationes,
1087 617 1222 694 quamuis

160 710 325 787 pauciores,
340 710 369 770 in
384 711 516 772 medium
531 713 665 789 protulit.

199 808 337 866 Seuerum
363 827 514 868 censorem
543 808 654 868 invenit
678 809 865 868 Burmannus
877 807 985 867 Thoar.
1002 807 1221 885 Wopkenuium,
1304 859 1311 866 .

159 901 250 980 quiin
265 905 457 966 lectionibus
464 904 617 976 Tullianis,
633 905 739 966 deinde
749 905 778 964 in
794 903 978 964 Adversariin
992 903 1102 964 criticis
1113 904 1143 964 in
1158 905 1224 964 Vel·

30 1035 38 1054 .
157 997 255 1072 leiurn,
271 1020 339 1078 quae
353 1020 498 1079 expressae
513 1003 625 1062 suntin
640 1002 726 1062 Miec.
742 1001 835 1062 Obaa.
850 1002 916 1060 Vol.
931 1017 1022 1073 vnn,
1034 1001 1141 1062 acerbe
1155 1021 1221 1062 enm

158 1094 314 1186 vellicavit,
329 1098 438 1176 cuique
452 1099 649 1172 Burmannus,
670 1098 821 1158 iracundia
843 1099 1049 1168 exacerbatus,
1071 1095 1224 1176 respoudit

158 1191 186 1250 in
202 1192 292 1254 Mise.
307 1195 399 1256 obss.
424 1196 492 1256 vor.
514 1212 564 1256 lx.
599 1197 705 1275 Neque
733 1196 798 1255 haec
819 1194 896 1255 acria
918 1194 1078 1266 contentio,
1101 1194 1162 1254 aire
1183 1194 1221 1254 ad

157 1288 256 1362 crinin,
271 1291 334 1350 sive
343 1291 381 1352 ad
396 1291 663 1373 interpretationem
672 1292 820 1354 Paterculi
835 1292 915 1372 quoti
928 1294 1043 1364 attinet,
1053 1290 1222 1352 ainelructu

159 1385 227 1446 suit.
268 1387 362 1448 Dedit
384 1389 462 1450 anim
487 1389 583 1462 uobis,
609 1399 719 1469 praeter
739 1389 807 1459 alia,
829 1388 1000 1467 Wopleusii
1022 1387 1222 1466 conjecturas.

160 1483 217 1542 Sed
233 1484 327 1544 multu
343 1486 438 1563 major
458 1505 527 1548 saue
541 1487 591 1547 ille
606 1486 718 1548 fructus
740 1486 855 1560 fuisset,
881 1487 937 1546 nini
952 1486 1103 1565 utriusque
1127 1485 1222 1546 acient

161 1579 277 1640 animus
290 1583 417 1658 graviter
432 1583 622 1661 perturbatur
637 1583 875 1663 praestrinxisset.

187 1677 574 1757 AEquioresjudiceanactua
583 1691 628 1739 est
639 1680 822 1739 Burmannus
832 1678 860 1736 iu
871 1678 1040 1749 Germania,
1052 1697 1125 1754 quoa
1133 1677 1223 1756 paulo

159 1785 228 1834 ante
242 1775 474 1844 nominarim„
497 1795 623 1854 quorum
645 1774 780 1846 alterum,
802 1775 855 1852 qui
879 1775 907 1832 in
921 1775 1004 1834 Actis
1025 1776 1116 1835 Erud.
1140 1775 1222 1853 Lips.

163 1879 248 1938 1721.
273 1872 432 1933 Burmanni
456 1891 576 1950 operam
593 1869 782 1949 dijudicavit,
796 1871 930 1932 Curtium
955 1868 1043 1930 fuisse
1057 1870 1224 1947 auspicatur
1312 1887 1319 1894 ·

160 1967 364 2030 Ruhnkenius.
393 1971 433 2041 ls,
448 1969 558 2048 pariter
572 1989 608 2029 ac
624 1968 781 2038 Curiatius,
806 1966 949 2027 nonnulla
973 1987 1093 2045 quoque
1118 1967 1222 2028 Velleii

160 2063 226 2124 loca
240 2065 344 2126 critica
357 2087 447 2128 manu
461 2067 596 2128 tentavit.

201 2162 265 2221 Sub
279 2162 358 2223 idem
371 2163 432 2224 sere
450 2173 566 2242 tempus
580 2163 689 2241 prodiit
701 2164 749 2225 Jo·
762 2160 904 2221 Schelleri
919 2159 993 2221 liber
1004 2159 1150 2220 ἀνέκδοτος
1164 2162 1224 2220 Ad-

161 2260 351 2320 versariorum
371 2259 401 2320 in
424 2261 566 2322 Velleiutn
591 2263 619 2320 iu
643 2260 728 2322 Miac.
744 2259 836 2320 Obaa.
853 2259 918 2319 Vol.
934 2275 1013 2319 11111.
1028 2268 1058 2318 et
1073 2275 1124 2318 111.
1166 2257 1223 2316 Sed

161 2357 329 2417 Schefferua
343 2357 461 2418 laborat
481 2358 603 2418 libidine
624 2357 751 2436 quadam
776 2356 951 2417 emendandi
972 2375 1040 2436 quae
1063 2355 1224 2434 depravata

161 2471 219 2512 non
233 2463 309 2525 sunt,
325 2473 419 2533 neque
435 2455 463 2514 iu
478 2453 661 2532 conjecturis
675 2453 857 2533 proferendis
871 2453 941 2514 felix
955 2463 1009 2515 est.

125 2558 197 2618 1721
223 2549 395 2631 Edinburgi.
412 2561 440 2614 8.

124 2654 199 2715 1723
221 2649 257 2706 ln
278 2649 366 2710 Tom.
390 2667 413 2710 1.
441 2651 643 2729 Epitonrarum
657 2648 787 2710 historiae
811 2647 899 2708 Rom.
921 2646 1039 2709 duobus
1062 2647 1131 2706 voll.
1151 2645 1222 2706 edit.

164 2743 330 2804 Florentiae.
351 2754 381 2806 8.

124 2849 200 2908 1725
222 2843 358 2902 londini.
377 2851 424 2904 12.
438 2843 565 2921 repetita
578 2842 627 2902 ed.
644 2840 739 2901 Mich.
754 2840 915 2902 lllaittuire.

124 2935 202 3004 1726
223 2938 349 3000 Parisiis.
364 2949 394 3000 4.
406 2959 510 3000 recusa
522 2939 570 3000 ed.
586 2939 665 3000 1101.
681 2938 793 3016 Rigucz
808 2936 837 2996 in
852 2957 933 2998 urum
950 2937 1102 3016 Delphini.

125 3041 202 3099 1730
222 3032 334 3094 Eadem
349 3035 486 3106 Londini,
500 3036 580 3114 apud
596 3036 641 3094 W.
659 3035 758 3112 lnnys.
776 3042 804 3094 8.

125 3136 200 3195 1731
225 3131 299 3189 Cum
314 3131 392 3190 notia
408 3133 512 3191 Germ.
530 3131 652 3193 Sinceri.
668 3131 831 3210 Marburgi,
846 3150 895 3210 ap.
911 3130 1040 3209 Krieger.
1059 3138 1087 3190 8.

125 3233 203 3295 1737
225 3226 350 3298 Eadem,
365 3228 490 3288 Giecsae.
507 3236 534 3288 8.

126 3332 202 3391 1743
223 3344 308 3403 aeqq.
331 3325 363 3384 ln
377 3325 475 3384 Tomo
491 3341 532 3385 11.
554 3323 736 3402 Scriptorum
764 3324 937 3384 latinorum
952 3331 1081 3382 veterum
1097 3319 1227 3382 historiae
1265 3309 1268 3313 ¹

163 3422 251 3481 Rom.
262 3421 368 3481 edente
379 3422 614 3498 BennoneCasp.
625 3419 772 3481 Hauriaio.
788 3419 1012 3499 Heidelbergiae.
1034 3417 1226 3496 1²01.c.figg.

126 3526 204 3587 1744
225 3519 440 3578 Burmanniaua
466 3535 506 3578 11.
532 3519 658 3578 auctior.
685 3516 821 3596 Lugduni
843 3516 908 3578 But.
937 3535 987 3594 ap.
1011 3517 1090 3576 Sam.
1118 3515 1228 3576 Lucbt-

164 3633 277 3674 menna.
292 3615 392 3676 21011.
408 3615 525 3677 8.-Cl.
544 3635 592 3676 an.
612 3623 699 3686 1719.

123 3710 311 3770 -loudini
332 3720 378 3772 12.
395 3710 520 3789 repetita
534 3711 581 3772 ed.
597 3712 692 3771 Mich.
708 3711 865 3772 blaittaire.
1311 3765 1315 3774 .

128 3807 206 3878 1746
227 3807 353 3866 Parisiis.
371 3816 417 3868 12.
432 3827 483 3886 ap.
498 3807 591 3868 Micb.
608 3809 711 3887 Stepb.
726 3808 835 3883 David,
848 3815 1006 3884 accurrate
1018 3805 1122 3884 steph.
1134 3800 1229 3863 Andr.

166 3903 314 3982 Philippe.

128 4009 204 4070 1752
225 3999 270 4058 Ex
282 3998 411 4061 editione
425 4001 583 4060 Burmanni
597 3998 722 4060 fideliter
736 4019 883 4079 expressa.
905 3999 1056 4076 Gleaguae,
1070 3997 1099 4056 in
1114 3995 1229 4056 aedibun

133 4157 136 4164 ,
165 4094 344 4156 academicis
367 4095 553 4158 excudebaut
577 4095 726 4157 Robertus
750 4106 781 4158 et
796 4095 929 4156 Andreae
944 4095 1054 4158 Foulia.
1072 4093 1229 4155 rn-Ete·

166 4213 238 4272 gana
252 4192 354 4254 editio.
