2948 4862
234 368 281 443 tt
635 377 926 434 ιιιοιιιιιοιιιιιιι,

235 530 387 600 &sotum
398 533 460 607 est,
475 531 515 593 ui
527 505 630 592 1211}ss
643 546 684 592 os
700 525 918 592 adulatorium
932 527 1096 605 resonent,
1120 523 1254 610 quibus,
1277 540 1332 594 ot*
1470 479 1471 514 ᾖ

235 639 317 702 natu
330 631 491 709 deuauto,
506 631 554 696 nil
565 630 631 696 uisi
645 649 736 696 mere
749 630 873 694 veritas
884 629 1002 696 subsit.

280 733 401 818 Neque
413 735 448 798 in
461 733 578 798 uitium
592 733 675 800 verti
686 737 799 816 potest
808 731 952 810 Velleio,
965 731 1056 816 quod
1067 730 1104 798 in
1113 729 1242 796 ttbeffi
1255 749 1332 816 gra·

235 837 320 904 tim
328 836 420 920 justo
435 835 580 920 iniquior
600 853 677 902 esse
691 832 842 900 domur
855 853 933 917 erga
946 839 1078 900 exteros
1090 834 1213 912 hostes,
1229 833 1332 919 inpri-

235 938 302 1006 mis
315 956 393 1022 erge
410 935 600 1004 Germania
614 924 771 1021 populos,
798 955 819 1000 a
839 935 976 1002 'liberio
998 936 1191 1016 debellatos,
1213 938 1273 1018 ita,
1294 943 1332 1004 ut

236 1057 308 1117 eos,
334 1039 393 1123 qui
417 1057 583 1122 uunquam
606 1037 769 1104 &manis
783 1037 980 1117 obedierint,
1002 1039 1104 1104 armis
1129 1041 1252 1124 captis,
1279 1057 1331 1104 re-

236 1139 341 1208 belles
353 1137 460 1220 dicat,
473 1139 611 1206 eosdem
625 1141 818 1225 perturitos
832 1146 971 1220 tantum,
997 1140 1151 1228 repulsus
1174 1145 1209 1206 et
1231 1140 1331 1208 dissi*

236 1247 347 1325 putus,
361 1262 421 1328 pro
434 1242 551 1308 eacus
565 1243 711 1326 penitus,
733 1243 842 1320 victis,
866 1248 965 1328 atque
978 1244 1100 1310 deditis
1111 1244 1244 1323 babeat,
1259 1263 1332 1312 om·

236 1344 381 1428 uinoque
395 1363 509 1409 eorum
530 1343 644 1420 decori
668 1344 809 1410 multum
823 1346 981 1412 detrabat.
1027 1347 1107 1414 Ηοο
1132 1365 1216 1414 saue
1240 1365 1333 1414 arro-

236 1445 356 1527 gnua
378 1443 544 1514 Romane
571 1451 634 1524 est,
658 1465 725 1530 qua
746 1465 860 1512 omnes
885 1448 1066 1531 scriptores
1087 1447 1189 1533 hujus
1212 1446 1332 1533 popuii

235 1545 398 1614 laborant

281 1645 368 1725 Qum
385 1650 584 1714 omniorum
596 1650 643 1714 ite
650 1650 726 1728 sint,
738 1650 869 1714 animus
882 1657 915 1716 et
925 1650 1165 1735 voluutasejur
1179 1649 1333 1736 profecto

237 1745 397 1814 edularrdi
411 1751 495 1815 vitio
515 1751 561 1816 ita
575 1757 755 1835 corruptus
769 1771 833 1818 nou
848 1752 921 1831 fuit,
941 1758 981 1818 ut
994 1759 1136 1820 exueret
1148 1753 1260 1844 subito
1273 1769 1334 1817 ve·

237 1849 346 1918 ritatis
361 1851 517 1930 sudium,
537 1852 628 1935 quod
650 1853 684 1916 in
704 1853 867 1936 superiori
882 1855 996 1937 operis
1009 1859 1104 1937 parte
1126 1850 1331 1938 prodiderat.

238 1933 332 2018 Idem
344 1951 459 2036 potius
475 1953 623 2020 sordium
638 1955 672 2017 in
684 1959 829 2020 extrema
852 1971 986 2040 quoque
1010 1955 1209 2040 particulae
1222 1973 1332 2020 rerum

238 2051 362 2120 selectu
376 2059 413 2120 et
425 2053 549 2120 callida
561 2055 687 2120 ratione
702 2073 762 2119 eas
777 2055 942 2120 tractandi
957 2055 1073 2121 elucet

282 2153 324 2220 tn
338 2155 537 2222 estimanda
553 2157 653 2236 igitur
674 2154 797 2221 Vedeii
819 2155 885 2220 fide
905 2157 1063 2224 voluntas
1077 2159 1151 2243 ejus
1164 2179 1243 2225 vere
1255 2177 1334 2226 uer·

237 2253 332 2320 randi
345 2258 381 2322 in
394 2256 534 2322 dubium
548 2257 665 2322 vocari
678 2257 808 2340 nequit;
830 2259 866 2322 iu
879 2266 1039 2343 qunntum
1055 2279 1135 2326 veru
1149 2263 1333 2328 obsecutus

237 2358 268 2420 ei
278 2354 388 2436 fuerit,
399 2356 500 2423 tacite
514 2376 560 2422 ex
575 2357 647 2442 ejus
661 2358 762 2424 enimi
775 2359 900 2438 indole,
912 2361 1065 2427 sensibus
1077 2381 1157 2446 erga
1163 2361 1333 2430 'liberium

237 2462 272 2522 et
284 2457 418 2526 domum
432 2457 634 2544 Augustam,
645 2480 689 2525 ex
701 2459 879 2547 Principis,
890 2483 989 2547 quem
1003 2467 1186 2545 enarrabat,
1196 2451 1332 2548 ingenio

237 2564 271 2624 et
294 2561 453 2641 muribus,
475 2561 727 2647 temporumque
743 2583 787 2628 ex
801 2565 1000 2646 conditione,
1024 2569 1226 2651 comparatis
1249 2566 1333 2632 aiio-

236 2679 309 2728 rum
323 2669 497 2730 sucturum
510 2665 717 2743 testimoniis,
730 2666 819 2749 exigi
833 2671 954 2750 potest.

183 2835 186 2840 ,
281 2752 386 2828 Idem
400 2783 479 2829 vero
501 2767 646 2832 veritatis
662 2766 806 2832 sudium
827 2773 921 2851 patet
934 2788 1072 2854 quoque
1096 2773 1132 2836 iu
1151 2771 1332 2855 antiquiori

237 2860 380 2926 historia
393 2861 555 2926 tradenda
575 2883 619 2926 ex
635 2865 759 2930 ratione
773 2881 874 2951 quam
895 2870 1030 2934 minime
1043 2873 1227 2952 temeraria,
1248 2891 1330 2958 qua,

239 2979 315 3044 quar
337 2961 459 3028 tradita
477 2969 664 3047 acceperut,
686 2967 843 3034 retulerit.
888 2969 1026 3038 Nullius
1039 2973 1137 3054 enim,
1156 2993 1263 3060 neque
1277 2994 1333 3041 ee*

238 3062 401 3128 leberrimi
415 3065 560 3128 auctoris
574 3067 796 3134 testimouium
810 3076 930 3138 temere
951 3074 1112 3158 sequitur,
1134 3075 1193 3140 sed
1215 3077 1333 3160 potius

237 3163 407 3230 examinet
420 3165 544 3230 tradite
555 3185 574 3230 e
588 3168 636 3234 ret
645 3176 893 3256 temporumque
905 3176 1040 3253 ratione,
1053 3195 1194 3261 quaeque
1207 3177 1332 3244 veritu-

238 3263 264 3330 ti
276 3264 332 3329 rei
346 3273 561 3334 consentanea
575 3275 659 3350 suut,
679 3273 734 3338 rei
748 3275 915 3356 proxima,
926 3277 1153 3360 amplectitur3
1175 3279 1272 3364 cujus
1282 3280 1331 3346 rei

237 3363 440 3432 iueuteutum
450 3371 639 3455 exemptum
653 3378 746 3440 extat
766 3391 792 3441 1.
806 3379 839 3442 7.
882 3377 1013 3444 Deinde
1031 3379 1169 3446 aiiormn
1190 3381 1333 3465 scripto*

237 3483 322 3545 rum,
338 3469 398 3551 qui
412 3486 490 3534 vero
501 3473 661 3552 eruendo,
680 3495 759 3542 eum
772 3485 920 3562 possent,
945 3499 1081 3564 operam
1094 3481 1221 3548 nuliam
1232 3482 1331 3548 dede·

237 3573 327 3646 mut,
341 3568 671 3658 levitatemcastigat.
694 3593 736 3642 ιι.
751 3579 806 3646 53.
851 3581 1004 3666 Denique
1017 3584 1053 3648 iu
1074 3584 1275 3669 scriptormu
1288 3583 1333 3651 de

237 3667 355 3738 eedem
368 3691 414 3750 re,
430 3692 535 3758 eaque
545 3695 612 3742 uon
626 3679 815 3762 manifesta,
840 3683 1075 3769 discrepantia,
1095 3704 1138 3750 ne
1160 3685 1331 3772 precipiti

234 3771 364 3856 judicio
376 3792 439 3836 suo
453 3774 548 3843 fallet
567 3778 721 3859 lectores,
745 3781 937 3850 diversitate
960 3787 1194 3854 sententiarum
1213 3793 1331 3855 noan

237 3871 274 3938 iu
287 3875 399 3940 medio
414 3895 482 3941 rem
496 3879 660 3964 relinquit,
675 3882 756 3950 Vid.
771 3903 810 3952 ιι.
823 3887 876 3953 21.
887 3887 940 3954 27.
952 3887 1007 3954 48.
1030 3888 1118 3968 Quae
1129 3891 1331 3958 omniasuut

238 3975 407 4060 seripturis
426 3979 522 4064 probi
536 3985 571 4050 et
583 3982 732 4053 vertutis
753 3989 912 4074 undio&
932 4009 1053 4077 neque,
1067 3994 1221 4060 telense·
1232 3993 1334 4059 iure-

237 4075 351 4160 ius,
374 4097 451 4168 ure
476 4083 601 4162 utun
623 4087 668 4160 ab
690 4090 882 4164 neamus
902 4092 1063 4174 nureo,
1085 4093 1243 4178 meso.
1265 4094 1335 4164 ma
