2978 4844
236 335 302 404 4³6
463 333 575 404 'unum
600 349 801 402 vnnronuu
827 348 868 400 ru
894 343 1110 436 rsrunuutr

239 496 416 560 casaubonus,
435 509 515 547 unum
542 485 599 548 esse
625 493 773 558 Eusebium,
810 487 1360 560 deSeiauu:‘Priscamgrusitstemsena-

237 575 285 639 'qui
294 567 375 624 ¹Lollii
386 573 462 638 hujus
474 587 524 623 non
536 571 635 624 cladem
655 571 703 622 sed
719 571 772 622 uic·
810 585 857 635 per
866 567 1024 622 humanitate
1035 571 1198 636 temperans!
1232 563 1357 622 Etlni‘e·

238 651 332 701 toriam
352 656 486 700 memoret.
518 647 605 699 Verba
625 648 682 698 hren
703 653 773 710 suut,
810 648 864 698 rius
884 649 917 698 de
940 649 1047 700 eodem:
1064 649 1172 700 ‘Virum
1194 649 1358 698 seueritutis

241 728 364 779 Chronic.
375 726 442 776 libro
452 726 551 789 priore:
570 724 734 775 ‘Gentianus
745 724 772 773 iu
810 726 961 788 letissime,
978 727 1117 778 hilaritatis
1133 727 1243 790 prisce:
1270 726 1357 789 Apu-

241 817 407 854 armuremos
414 802 451 852 M.
459 800 557 852 Lollius
565 799 689 864 superat?
711 799 772 852 Nou
810 801 875 852 icius
885 816 917 852 ιι.
929 803 1025 854 Florid.
1037 802 1239 866 pulcherrime,‘
1252 801 1357 852 Gravi-

239 879 371 946 putuudus
383 886 423 929 ert
433 885 519 930 autem
536 893 651 943 pugnare
661 892 719 928 curu
731 890 772 926 ce·
810 883 851 927 tus
857 877 985 941 jucunde,
999 879 1070 927 mitis
1081 877 1230 939 austeritas,
1241 877 1358 940 piscius

241 958 304 1008 teris
326 955 474 1006 Eusebius:
503 961 643 1019 acceperat
670 953 773 1019 quidem
810 953 1139 1018 constsutls‚hlaudusque
1157 953 1229 1017 rigor
1248 952 1357 1002 enimi!

241 1033 339 1083 Lollius
357 1032 458 1082 eisdem
480 1032 600 1097 aliquam,
622 1031 669 1082 sed
692 1031 773 1081 uictus
811 1031 854 1080 Sic
865 1031 932 1080 eninr
945 1030 982 1080 ihi
992 1032 1052 1095 lego
1062 1043 1121 1080 cum
1131 1028 1312 1093 :insignitatis
1324 1037 1356 1078 et

242 1126 295 1161 non
317 1118 375 1161 erut
396 1112 490 1176 plane:
515 1111 576 1176 quin
599 1112 693 1176 potius,
714 1125 773 1160 cum
811 1106 936 1156 dcctriuae
952 1107 1034 1156 omnis
1048 1107 1187 1170 coryphaeo
1206 1105 1234 1156 J.
1247 1097 1356 1168 lipsio,

242 1203 302 1237 mox
315 1190 403 1238 hostes
417 1195 569 1252 appuratuur
580 1189 636 1252 ejus
648 1187 774 1252 audirent,
811 1188 839 1231 et
849 1182 959 1231 Venetis
973 1177 1178 1245 Gratiarumqus
1194 1195 1210 1229 e
1222 1179 1357 1255 Lipsieus

242 1267 270 1315 iu
291 1276 362 1315 susm
384 1272 480 1316 terrem
503 1267 623 1330 regressi,
642 1265 775 1315 obsidibus
812 1264 884 1308 corle
907 1258 977 1321 uuiiu
996 1257 1066 1326 Jsuu
1086 1257 1177 1306 Duum
1196 1245 1228 1306 i*-
1246 1255 1355 1306 Austru-

243 1342 311 1391 datii
323 1356 415 1406 pacem
426 1350 595 1406 acceperuut,
606 1341 774 1392 testeDioue.
812 1333 1010 1384 Parentalihus:
1049 1333 1105 1382 ‘Ei
1127 1331 1244 1396 sittim
1264 1331 1355 1380 comi!

241 1417 295 1467 Sed
308 1424 336 1466 et
350 1413 428 1466 autes
438 1417 546 1466 uictosu
562 1416 700 1480 Lplliu,ex
719 1415 775 1465 Ob·
811 1408 1060 1475 tetaqueserietm!
1085 1408 1220 1458 Acidaliae.

242 1499 366 1558 sequente
387 1491 502 1556 probari
514 1498 609 1555 potest.
653 1491 775 1541 Meminit
845 1487 965 1537 cinca.
984 1483 1149 1547 Consortium]
1166 1483 1214 1532 Usi
1222 1483 1271 1533 hac
1282 1499 1352 1534 uoce

244 1568 300 1630 ejus
309 1566 391 1616 cludis
401 1568 465 1616 Tac.
474 1565 508 1616 Α.
518 1581 538 1616 ι.
551 1571 591 1617 10.
600 1571 624 1616 u.
641 1567 775 1617 Bocclerru.
813 1563 906 1614 Cicero
930 1561 1009 1612 one.
1028 1561 1075 1611 lib.
1093 1574 1138 1610 111.
1161 1559 1352 1610 ‘Dissclaatur

275 1641 358 1692 Druso
376 1641 488 1706 cusulo]
513 1642 597 1692 Periit
615 1643 688 1707 lapsu
706 1644 774 1708 equi,
811 1655 918 1692 necesse
929 1639 1181 1691 estomntsnumaua
1192 1638 1354 1688 consortio:r

243 1719 329 1768 fracto
346 1733 431 1780 crure,
446 1718 514 1769 iutra
526 1719 685 1770 tricesimum
699 1720 776 1784 diem,
812 1715 926 1767 Lucilius
951 1717 996 1766 lih.
1021 1729 1080 1766 xrx·
1117 1715 1187 1780 spud
1213 1715 1351 1775 Nouiump

242 1795 339 1847 Liuius.
358 1795 496 1846 eonditum
509 1797 636 1861 corpusiu
648 1797 775 1848 tumulum
813 1793 1016 1844 ‘Consortium’
1039 1793 1143 1856 Sciscgls.

244 1871 355 1920 Caesaris
367 1867 494 1936 Augusti:
515 1871 573 1924 Dio.
608 1872 708 1922 Laudes
719 1873 776 1937 ejus
847 1871 917 1934 lleip.
939 1872 1018 1920 umes
1036 1876 1061 1919 et
1079 1870 1162 1934 cupas]
1178 1870 1352 1921 Scitesdmc·

243 1943 311 2011 upud
324 1947 418 1998 Horat.
427 1947 473 1999 lib.
484 1961 522 1998 tv.
535 1944 648 2000 carmin.
663 1957 691 1998 et
702 1948 777 1998 Albi·
813 1945 874 1996 dum
887 1947 1005 1997 ‘iumen’
1022 1954 1050 1996 et
1067 1946 1182 2010 ‘caput'
1195 1947 1303 2010 junxit:
1320 1955 1349 1996 et

244 2038 371 2076 noruuum
386 2024 470 2091 elegia
488 2022 522 2075 ad
540 2025 639 2075 Liuiam
657 2032 776 2076 matrem.
812 2038 891 2087 supru
901 2024 935 2073 de
947 2024 1054 2074 Caesare
1065 2033 1092 2074 et
1109 2024 1251 2089 Pompeio:
1267 2025 1348 2074 ‘Cul-

245 2100 383 2164 Sclscglrius.
750 2100 751 2105 ’
813 2101 861 2150 lira
878 2100 948 2150 inter
963 2115 992 2150 se
1004 2099 1055 2149 duo
1066 2098 1144 2162 Reip.
1164 2099 1261 2162 capita,
1271 2095 1348 2149 effos-

255 2177 389 2242 ·Perficit]
409 2177 495 2241 Vulgo
509 2179 621 2243 percipit.
655 2179 712 2242 ligo
724 2192 777 2228 utu·
813 2191 920 2241 sumque
945 2177 1058 2228 aiterum
1085 2175 1163 2228 Rom.
1184 2175 1286 2241 imperii
1310 2178 1348 2226 lu·

244 2247 675 2318 niuomuuelim‚iudsstriupe'rficit.
708 2255 776 2303 Num
814 2251 890 2302 mem’
913 2251 1012 2301 Acidul.

159 2359 163 2364 -
244 2330 341 2379 semiue
353 2329 470 2394 quaedam
488 2335 517 2378 et
533 2329 639 2392 igniculi
651 2329 777 2380 uirtutum
814 2345 816 2350 ·
847 2328 986 2378 incrdibili
1001 2333 1071 2391 etqua
1082 2326 1347 2392 iumumlrilipietate]

244 2405 271 2454 in
286 2405 359 2454 nobis
369 2412 437 2468 arsut,
451 2419 516 2470 quos
527 2405 599 2456 elicit
609 2404 740 2456 industris
750 2413 778 2457 et
814 2404 968 2454 Adulatorie
978 2404 1035 2454 huc
1053 2403 1087 2454 de
1102 2404 1208 2454 Tiberio
1224 2404 1346 2466 Velleius,

245 2480 278 2530 ud
289 2479 391 2545 frugem
403 2479 635 2547 maturitatemque
647 2483 777 2546 perducit.
814 2480 908 2530 utalia
925 2481 1022 2530 multa:
1041 2479 1212 2530 calliditatem
1223 2480 1291 2530 euim
1302 2494 1346 2543 pu·

245 2556 415 2609 Quinctilium.
435 2572 466 2607 eo
478 2555 568 2609 seusu:
595 2559 707 2610 ‘Virtus
727 2560 777 2610 etsi
814 2557 1345 2623 tiusdixerit,qui'l'iberiumuuaitquam

245 2633 370 2698 quosdam
387 2629 629 2699 impetnsanatura
640 2637 728 2699 sumit,
739 2644 777 2687 ta·
815 2634 948 2699 pietatem.
975 2633 1115 2685 Suetonius
1134 2633 1234 2684 diserte
1249 2634 1347 2685 iu‘lih.

245 2722 303 2757 men
321 2709 480 2772 perficiendo
497 2711 616 2762 doctrine
634 2711 692 2762 est?
710 2713 778 2777 Lips.
815 2715 856 2760 1⁰.
887 2717 968 2760 totam
989 2725 1044 2760 rem
1065 2710 1261 2775 complectitur.
1279 2711 1347 2760 ‘Tot

245 2783 366 2847 Percipit]
392 2785 543 2836 Malorum
564 2787 661 2852 lipsio,
675 2788 778 2854 perficit.
815 2785 1346 2852 prosperiscuufluentibns‚integrasetats

244 2855 288 2906 Sis
299 2858 419 2921 saprade
432 2859 553 2911 Graccho
564 2862 676 2928 legitur:
696 2865 778 2912 ‘'Pan·
815 2871 843 2914 et
863 2864 1012 2915 ualetudine
1034 2865 1127 2914 statuit
1145 2872 1256 2929 repente
1276 2880 1346 2915 eece·

245 2927 394 2998 tis'deuiqne
402 2933 778 3002 adornetusuirtutibus,quau·
815 2940 886 3004 dere,
898 2955 977 3006 seque
988 2955 1003 2991 e
1013 2939 1099 2990 medio
1108 2955 1185 3005 quam
1201 2940 1347 3006 longissime

245 3015 286 3058 tes
299 3005 415 3073 perfectu
434 3012 778 3066 naturuetindnstriumor·
815 3029 943 3069 amouere.
975 3017 1091 3068 Dubium
1113 3017 1236 3068 uxorisne
1260 3019 1345 3078 trediu,

245 3083 305 3133 tulis
316 3084 430 3135 conditio
441 3085 551 3151 recipit!
572 3087 675 3138 Vossius.
815 3108 889 3158 quam
910 3107 994 3158 neque
1010 3093 1140 3144 criminari
1157 3099 1204 3143 eut
1215 3091 1344 3144 dimittere

245 3185 248 3192 ·
276 3161 720 3229 Caunustroxssrumcmseuam]
729 3166 778 3216 Dio
815 3169 933 3232 studeret,
944 3183 1027 3234 neque
1037 3171 1104 3220 ultra
1115 3167 1234 3234 perferre
1244 3177 1344 3234 pusset;

245 3249 300 3285 urs.
310 3253 334 3300 p.
345 3241 402 3288 624.
420 3239 489 3288 Flor.
502 3253 539 3289 rr.
552 3243 591 3290 12.
605 3245 644 3290 ll.
670 3241 777 3290 Boecler.
814 3258 847 3294 eu
860 3253 889 3294 ut
900 3244 983 3294 vitato
996 3245 1155 3296 assiduitatis
1165 3244 1345 3310 fastidiu,uuc·

282 3313 381 3376 Vigore]
399 3314 438 3365 Cl.
450 3314 594 3380 Puteanus,
604 3317 695 3379 rigore:
709 3317 776 3382 quod
816 3321 949 3370 toritatem
976 3321 1095 3372 absentia
1121 3329 1240 3372 tueretur
1267 3331 1345 3386 utque

245 3386 328 3436 libens
352 3391 505 3453 amplector.
534 3391 648 3443 Pulchre
667 3395 692 3443 in
712 3394 778 3446 hauc
814 3395 893 3445 etiam
905 3405 1022 3460 sugeret,
1036 3398 1056 3446 si
1072 3397 1174 3462 quaudo
1193 3397 1345 3463 indiguisset

244 3476 298 3512 rem
311 3463 411 3513 Plinius
423 3464 467 3514 lib.
479 3479 530 3516 vrr.
546 3469 624 3531 epist.
635 3474 675 3520 2⁰.
694 3471 777 3520 ‘Pul-
815 3471 853 3521 sni
881 3472 1006 3536 Respubl.
1048 3472 1160 3525 Quidam
1190 3473 1347 3536 existimant,

245 3537 398 3592 cherrimum
416 3549 443 3590 et
462 3542 670 3595 humanissimum
690 3547 777 3597 existi·
814 3548 908 3598 adultis
926 3550 981 3613 jem
1003 3548 1116 3614 Augusti
1133 3548 1231 3613 liberis,
1250 3539 1346 3602 lueout

244 3629 297 3679 mo,
313 3617 339 3666 iu
354 3617 410 3666 sita
426 3617 593 3668 seueritatem
616 3621 777 3672 comitatem·
813 3623 886 3688 qnasi
908 3624 1070 3688 possessione
1088 3625 1204 3690 usurpati
1222 3641 1237 3674 a
1256 3639 1285 3674 se
1303 3625 1345 3676 diu

245 3709 296 3758 que
319 3695 438 3758 miscere,
458 3709 490 3744 ua
512 3693 556 3746 ills
583 3697 610 3747 iu
633 3699 777 3763 tristitiem,
812 3700 919 3750 secundi
936 3700 1029 3764 gradus
1049 3706 1142 3765 sponte
1168 3702 1287 3765 cessisse,
1303 3718 1346 3751 eu·

245 3769 301 3820 h‘aec
313 3773 338 3821 iu
350 3771 519 3836 petulentiam
529 3773 675 3836 procedat!
704 3776 778 3840 Ejus·
814 3777 899 3841 emplo
911 3777 949 3826 M.
961 3776 1097 3840 Agrippae,
1114 3777 1157 3842 qui
1168 3777 1206 3826 Μ.
1219 3777 1346 3828 Marcello

245 3843 305 3894 dem
317 3862 406 3897 seusus
422 3848 486 3896 illud
499 3849 604 3900 Catenis
616 3849 641 3900 in
654 3849 777 3904 Distichis
814 3851 846 3900 ad
859 3865 967 3901 munera
985 3851 1089 3915 publica
1109 3853 1224 3914 admoto,
1242 3853 1347 3917 Mityle·

246 3921 291 3970 lib.
303 3937 322 3973 ι.
341 3925 487 3975 ‘Constans
503 3925 613 3986 ettonis,
625 3934 655 3976 nt
672 3941 713 3978 res
733 3943 777 3979 ex·
814 3938 858 3976 uus
869 3925 978 3987 abierim
995 3941 1027 3977 ue
1044 3935 1090 3979 aut
1107 3928 1222 3988 obstare,
1239 3923 1285 3979 eut
1304 3926 1347 3979 oh·

245 4002 371 4066 postulat,
394 4009 469 4052 esto:
504 4001 674 4067 Temporibus
696 4019 779 4054 mores
814 4010 928 4054 trectare
956 4019 1069 4067 presens
1097 4004 1242 4067 uideretur,
1270 4021 1346 4069 quam

246 4076 348 4136 sapiens
368 4078 423 4126 sine
446 4077 553 4128 crimine
575 4077 677 4128 mutat!
710 4079 779 4130 Con·
814 4093 930 4130 mursam
943 4081 1047 4144 etipse,
1059 4081 1105 4130 sed
1118 4077 1345 4146 posteu,’(v.Cap.

246 4151 342 4200 stantia
353 4155 420 4202 enim
434 4167 480 4216 pro
492 4155 576 4218 rigore
588 4155 700 4218 ponitur.
723 4157 779 4205 Vos·
815 4155 869 4220 ll.)
879 4157 887 4184 ‘
896 4155 1019 4206 reddidit.
1039 4157 1114 4206 Tunc
1125 4162 1212 4206 autem
1223 4155 1345 4206 honorum

153 4275 156 4283 ,
246 4225 303 4274 sias.
333 4226 432 4290 ligore]
445 4227 475 4278 lu
486 4244 542 4280 eam
553 4235 665 4280 meatem
674 4236 700 4280 et
712 4229 779 4282 infru
815 4232 972 4299 sutietatem,
982 4247 1012 4283 nc
1024 4232 1138 4298 requiem
1151 4232 1269 4284 laborum
1282 4247 1346 4296 prae·
