2948 4862
233 349 280 424 κ
526 363 531 372 ·
632 359 930 422 raounuouana.

142 575 146 582 -
231 513 357 597 sertum
377 529 605 605 enarratum
626 525 662 592 in
685 531 833 612 tempore
848 525 1024 611 signando,
1044 523 1166 606 variat,
1181 523 1237 592 vel
1251 543 1334 592 con·

233 633 323 699 sules
336 631 425 709 anni,
443 631 476 693 in
490 647 588 712 quem
602 645 657 693 res
673 627 896 694 memorabilis
910 627 1067 713 quaedam
1081 625 1211 705 incidit,
1227 628 1335 692 nomi·

235 745 331 812 naus,
354 731 406 798 vel
432 749 554 796 annum
577 729 675 794 talem
689 734 776 794 retro
790 749 966 796 numerans
981 730 1061 795 inde
1081 749 1104 795 a
1116 728 1268 808 Vinicio,
1289 727 1335 796 ad

236 853 333 919 quem
349 831 524 908 scribebat,
541 829 690 909 consule,
712 831 745 894 h.
763 850 794 896 e.
810 831 887 897 inde
900 833 943 896 ab
958 851 1046 897 auno
1061 830 1106 897 U.
1122 829 1162 897 Ο.
1176 829 1256 897 783.
1278 828 1335 897 vel

236 933 363 1002 addens
384 952 617 1018 nonnunquam
642 933 743 1000 etiam
764 933 800 998 in
822 935 922 998 rebus
949 933 1090 998 maximi
1113 931 1276 998 momenti
1301 938 1336 998 et

235 1035 409 1122 praecipua
418 1035 575 1102 memoria
589 1033 697 1116 dignis
706 1038 836 1098 aetatem
847 1031 962 1098 Urbia
991 1033 1336 1112 Praeterea,intraus-

236 1138 286 1202 itu
310 1155 441 1222 quoque
463 1135 507 1200 ad
529 1155 618 1200 nova
636 1153 742 1200 rerum
756 1134 882 1218 capita,
902 1153 1017 1200 eomm
1034 1141 1178 1218 tempus,
1190 1133 1246 1199 uel
1260 1133 1335 1200 bre·

235 1237 320 1305 riter
332 1237 483 1323 repetitis
494 1237 604 1315 rebus,
623 1235 659 1301 in
677 1237 765 1301 idem
780 1238 927 1319 spatium
941 1237 1176 1314 incidentibus,
1202 1235 1258 1302 uel
1273 1255 1335 1300 nu-

234 1339 371 1406 meratis
398 1339 493 1402 aunis
516 1339 586 1404 sive
615 1343 704 1416 ante,
734 1339 804 1403 sive
826 1344 904 1423 post
923 1359 993 1404 rem
1017 1339 1118 1403 modo
1143 1343 1335 1404 enarratam

235 1439 469 1528 praeterlapsis,
484 1444 598 1504 notare
612 1440 706 1504 solet.
750 1437 811 1505 Uti
828 1459 908 1505 vero
927 1440 1027 1505 nobis
1047 1439 1234 1505 memoriter
1255 1455 1336 1504 nar·

234 1545 384 1612 rantibus
398 1545 485 1610 solet
497 1543 659 1624 accidere,
681 1551 719 1609 nt
742 1563 840 1611 verus
861 1563 967 1611 annus
980 1543 1029 1609 rei
1051 1548 1154 1626 gestae
1167 1563 1238 1609 non
1257 1559 1334 1613 suo-

230 1647 357 1725 burrat,
370 1645 428 1710 sed
446 1647 543 1710 nobis
558 1643 805 1725 fluctuantibus,
829 1647 866 1710 in
884 1666 938 1725 eo,
954 1645 1011 1730 qui
1026 1665 1048 1710 a
1066 1665 1145 1710 vero
1166 1664 1233 1710 non
1246 1645 1334 1711 mul·

236 1746 306 1812 tum
320 1746 458 1824 aberret,
472 1746 750 1831 acquiescendum
766 1747 820 1825 sit,
830 1745 918 1812 adeo
932 1748 1094 1812 memoria
1107 1745 1334 1829 decipiamur3

235 1843 285 1912 ita
298 1843 430 1912 Velleio
452 1863 597 1931 quoqne,
621 1846 727 1912 fastos
744 1853 778 1912 et
802 1867 909 1913 rerum
930 1849 1067 1913 annales
1086 1845 1241 1912 evolvere
1265 1867 1335 1912 non

234 1949 383 2026 vacanti,
403 1949 561 2013 memoria
573 1949 743 2030 ¹frustrato,
764 1969 869 2016 rerum
882 1949 1112 2016 nonnullarum
1127 1953 1259 2032 tempus
1275 1949 1334 2014 de·

235 2045 330 2114 finire
345 2047 533 2114 accuratius
545 2067 611 2114 non
629 2049 733 2115 licuit.
777 2049 855 2129 Quo
873 2051 1078 2129 factumest,
1101 2056 1150 2128 ut,
1172 2069 1333 2116 annorum

236 2149 382 2216 numeris
405 2152 541 2231 notatis,
564 2151 661 2236 quasi
683 2171 805 2217 cavens
827 2151 903 2232 sibi,
923 2151 1107 2237 frequenter
1130 2151 1233 2232 addat
1247 2151 1334 2218 illud

233 2247 385 2331 ‘terma'
406 2251 527 2336 ubique
536 2252 605 2316 iere
620 2253 768 2332 obvium,
780 2260 816 2320 ut
828 2271 1065 2339 nonnunquam
1079 2254 1236 2331 numeris,
1245 2272 1333 2338 quos

234 2359 360 2418 vocant
380 2351 550 2432 rotundos,
585 2354 791 2438 acquiescat,
822 2361 925 2442 utque
953 2376 1086 2436 avaro,
1114 2357 1173 2441 qui
1197 2355 1334 2421 aliunde

236 2459 379 2534 constat,
395 2474 491 2532 anno,
506 2455 565 2519 ubi
575 2455 639 2521 hoc
654 2457 724 2535 liat,
746 2477 811 2522 non
824 2460 965 2524 multum
974 2461 1112 2524 aberret.
1155 2457 1225 2524 Sed
1238 2475 1335 2541 mag·

234 2577 313 2628 nam
324 2567 451 2646 partem
462 2581 682 2641 numerorum,
694 2559 753 2646 qui
768 2563 959 2646 scriptorem
972 2565 1093 2628 erroris
1107 2569 1249 2646 arguunt
1259 2561 1333 2626 sive

235 2661 271 2727 in
299 2681 472 2742 annorum,
499 2664 569 2728 sive
599 2664 738 2729 aliarum
763 2683 869 2729 rerum
896 2669 1067 2748 computo,
1108 2663 1332 2741 librariorum,
1377 2733 1381 2748 .

236 2775 322 2848 quos
336 2761 429 2828 nulla
450 2763 564 2828 aliare
577 2765 685 2846 magis
701 2765 871 2830 aberrasse
885 2773 1028 2846 constat,
1042 2767 1126 2832 vitio
1141 2771 1334 2850 corruptam

237 2861 325 2944 esse,
337 2859 430 2930 sacili
440 2865 574 2946 negotio
588 2866 756 2949 probatur.

278 2963 358 3032 Jam
384 2965 501 3045 habes,
522 2965 683 3032 benevole
712 2969 830 3047 lector,
844 2967 1006 3053 'opusculi
1029 2967 1162 3048 Velleii,
1187 2967 1331 3055 ejusque

235 3069 391 3134 viuumm
407 3067 641 3152 vitiorumque,
667 3066 934 3155 descripflonem,
958 3091 1024 3135 non
1047 3069 1182 3154 quidem
1203 3071 1331 3156 periec-

235 3173 315 3248 mm,
330 3169 566 3254 scriptorisque
588 3171 734 3236 indolem
748 3173 831 3237 satis
847 3174 1084 3256 explanantem,
1106 3173 1200 3256 (uam
1215 3171 1330 3238 sensui

235 3278 305 3349 tuo,
326 3269 552 3338 familiaritate
569 3293 644 3338 cum
661 3294 703 3338 eo
718 3279 901 3352 contracta,
921 3275 1057 3338 multum
1080 3273 1330 3356 relinquendum

237 3367 317 3458 est,)
330 3377 476 3437 attamen
484 3373 646 3458 judicium
662 3382 753 3458 tuum
764 3373 806 3439 de
819 3375 948 3440 Nostro
960 3375 1164 3458 aliquantum
1175 3376 1329 3440 modera-

237 3481 355 3540 turam.
400 3471 531 3540 Habuit
553 3475 582 3540 is
604 3477 687 3540 inter
710 3475 911 3541 recentiores
937 3474 1094 3552 eruditos,
1118 3475 1176 3558 qui
1191 3475 1245 3539 vel
1263 3477 1330 3541 vir-

232 3577 323 3642 tutes
336 3575 390 3640 vel
403 3575 486 3641 vitia
500 3576 572 3660 ejus
586 3578 686 3643 altius
711 3580 938 3662 inspexerunt,
964 3582 996 3642 et
1017 3575 1208 3641 laudatores
1234 3596 1329 3657 suos,

236 3685 272 3748 el
282 3677 539 3763 vituperatores:
554 3680 755 3764 aequioribus
770 3685 878 3743 tamen
891 3685 924 3742 et
937 3676 1202 3762 sapientioribus,
1218 3679 1329 3762 iisque

234 3783 332 3868 longe
346 3781 513 3866 plumbus,
535 3783 692 3864 probatus
710 3785 773 3846 est.
816 3779 907 3844 Inter
930 3777 1194 3844 Franco-Gallos
1217 3788 1328 3845 autem

232 3883 443 3970 praecipuum
458 3882 692 3947 admiratorem
706 3891 740 3946 et
754 3881 979 3947 felicissimum
994 3881 1193 3945 imitatorem
1206 3888 1328 3946 nactus

235 3987 290 4048 est
311 3985 418 4050 vinum
441 3983 722 4067 elegantissimum
745 3981 962 4060 Henaultnm,
982 3982 1124 4048 lectione
1138 3979 1262 4045 Velleii
1277 3981 1328 4045 in·

236 4083 415 4167 defessum,
437 4094 469 4152 et
489 4086 653 4174 opusculi,
669 4085 791 4172 Aartga
804 4080 1037 4170 chronologiqae
1057 4081 1094 4144 de
1109 4079 1276 4146 tHistotre
1288 4081 1328 4146 de

235 4181 357 4262 france
379 4187 544 4284 inscripti,
567 4195 601 4258 ot
615 4189 659 4257 ad
673 4187 862 4280 exemplum
876 4185 997 4260 Velleii
1021 4184 1223 4268 continuati,
1246 4203 1330 4258 auov
