2948 4862
507 979 1041 1075 PROLEGOMENA

753 1230 794 1280 IN

380 1437 430 1512 c,
464 1395 742 1516 vatmuru
776 1429 1163 1510 parasceuen.

578 1741 976 1786 Ἥ

759 1999 787 2070 Ι,

442 2201 491 2250 ΠΒ
514 2201 547 2248 0.
573 2197 724 2246 Vilbhllll
749 2196 963 2247 rn'rsnounr
989 2198 1090 2247 vt'rA.

221 2355 281 2446 C·
299 2379 459 2446 Venarni
473 2378 696 2444 Parenourn
719 2395 853 2457 nomen,
870 2379 933 2443 sub
947 2396 1012 2462 quo
1026 2375 1225 2461 opusculum
1238 2377 1314 2462 ejus

218 2481 415 2548 historicum
430 2477 668 2554 circumfertur,
690 2497 710 2542 e
734 2477 861 2544 Codice
882 2479 969 2562 ipso,
984 2497 1094 2561 eoque
1107 2479 1218 2557 unico,
1234 2497 1315 2544 oon·

218 2584 316 2661 stitit,
337 2601 405 2647 non
426 2582 561 2665 quidem
583 2601 627 2646 ex
648 2580 758 2645 indice
779 2577 934 2664 praetlxo,
956 2577 1046 2664 (nam
1061 2599 1082 2644 a
1095 2579 1202 2646 fronte
1215 2582 1314 2644 muti-

215 2683 269 2748 lus
283 2689 354 2748 erat
366 2684 450 2747 liber
471 2678 630 2764 scriptus)
651 2680 709 2744 sed
731 2695 776 2744 ex
797 2680 1015 2762 inscriptione
1036 2676 1090 2746 vel
1113 2681 1314 2762 singularum

195 2779 425 2868 'paginarum
447 2785 501 2847 vel
520 2782 596 2846 libri
619 2781 819 2864 posterioris.
863 2781 947 2844 Eam
969 2787 1105 2845 secutus
1121 2781 1312 2861 Rhenanus,

215 2884 369 2967 princeps
384 2884 512 2948 Velleii
533 2880 652 2960 editor,
676 2883 825 2964 singulas
847 2883 988 2966 paginas
1009 2882 1163 2947 editionis
1184 2903 1254 2948 sure
1270 2882 1312 2948 G.

215 2979 339 3048 Velleii
366 2983 533 3053 Paterculi
556 2983 689 3049 nomine
711 2983 890 3067 inscripsit,
918 2983 1067 3061 Burerlo,
1093 2985 1165 3049 viro
1186 2985 1221 3049 in
1241 2983 1312 3049 edi-

214 3083 303 3156 tione
317 3085 426 3170 prima
447 3101 523 3150 cunr
545 3083 670 3149 Codice
692 3085 806 3150 iterum
828 3085 1040 3163 conserenda,
1056 3085 1197 3169 ejusque
1212 3105 1311 3170 quern

213 3187 348 3252 minima
368 3207 390 3251 a
412 3189 535 3271 scripto
558 3187 764 3253 aberratione
779 3187 926 3252 notanda
941 3185 1208 3268 diligentissimo,
1231 3187 1314 3253 nihil

213 3289 467 3354 contradicente.
509 3288 578 3352 Sed
602 3287 738 3352 Codicis
762 3289 999 3353 auctoritatem
1016 3287 1163 3351 deseruit
1178 3286 1310 3353 Rhena-
1374 3329 1378 3335 -

213 3405 277 3450 nus
292 3391 326 3452 in
342 3385 449 3452 indice
462 3387 615 3452 editionis
631 3407 702 3451 suae
719 3389 886 3452 scribens:
910 3393 921 3422 ‘
936 3387 978 3453 P.
995 3387 1117 3452 Velleii
1140 3386 1311 3455 Paterculi

212 3485 375 3553 Historia
391 3489 556 3553 Romanae
573 3482 646 3552 Lib.
663 3488 724 3554 Il.’
769 3489 929 3556 Nostrum
944 3487 1075 3556 scilicet
1086 3509 1162 3554 cum
1176 3489 1218 3556 P.
1228 3487 1311 3554 Vel·

212 3585 291 3663 leio,
306 3591 475 3653 exercitus
491 3588 537 3653 R.
553 3590 587 3652 in
602 3589 746 3653 Thracia
761 3611 790 3654 a.
807 3589 852 3654 U.
867 3589 906 3654 C.
921 3591 997 3654 774.
1015 3591 1161 3673 praeside
1183 3590 1308 3674 (Tacit.

210 3684 298 3752 Anu.
320 3706 378 3755 ιιι.
402 3690 456 3754 37.
479 3695 512 3753 et
533 3685 606 3772 39.)
627 3695 838 3772 permutans3
862 3710 939 3772 quae
962 3689 1095 3773 quidem
1118 3693 1309 3775 conjectura

210 3793 245 3852 et
270 3789 418 3866 Burcrio,
441 3790 525 3853 nihil
547 3797 662 3855 contra
684 3791 843 3868 monenti,
865 3791 1037 3874 placuisse
1053 3791 1196 3858 videtur.
1240 3791 1308 3856 Sed

210 3887 342 3952 etiamsi
362 3889 545 3954 Rhenanus
568 3891 720 3972 Lipsium
742 3898 774 3955 et
797 3891 1047 3970 Ruhnkenium,
1068 3899 1105 3956 nt
1120 3898 1308 3957 ceterosta·

211 4005 316 4066 ceam,
331 3993 504 4055 seutentiae
520 4005 590 4054 suoe
607 3991 752 4054 lautores
766 3993 908 4073 habeat;
929 3993 1080 4076 equidem
1091 4000 1211 4071 minen,
1223 4013 1307 4076 pon·

210 4085 331 4153 donatis
346 4092 559 4173 argumentis,
573 4090 740 4174 Ryckium
755 4094 867 4175 potios
880 4100 914 4159 et
928 4093 1114 4172 Emestum,
1130 4095 1186 4176 qui
1202 4094 1306 4159 alium

209 4189 384 4272 quendam,
411 4212 512 4276 quam
535 4197 685 4260 nostrum
706 4193 912 4276 historicum,
937 4215 959 4262 a
987 4193 1110 4261 Tacito
1136 4193 1306 4262 laudatum
