3004 4846
386 357 576 414 niernum
600 359 766 412 eonium
787 363 863 412 eru.
888 363 930 414 tr.
953 347 1009 416 ull.
1174 319 1246 417 385

144 503 299 571 mutiani,
311 513 362 569 qua
373 501 452 554 letica
462 501 560 554 sedern
572 507 603 554 ¹et
619 509 676 566 per·
713 501 914 566 ‘Lupercalium
930 507 985 556 ru'ce
1000 520 1018 557 a
1032 503 1141 558 Remulo
1151 501 1179 558 et
1195 505 1246 556 lle·

145 593 263 646 cartem
282 578 346 632 lulli
367 579 471 630 extollit
493 585 521 630 et
540 576 676 628 immodice
713 577 961 644 meastiucbeatna,
979 595 1036 632 eum
1055 581 1147 632 laetitia
1161 581 1247 632 assul-

145 656 294 720 prmtlicats
306 669 364 706 cum
377 661 464 704 tameu
476 667 509 704 ex
523 653 569 704 ilia
584 651 618 703 de
637 657 677 716 ty·
712 654 890 717 tantu,qus‹l
903 655 943 706 isia
963 657 1084 708 Numitor
1105 671 1169 707 arus
1189 657 1246 708 ilex

146 729 540 798 raauieisliuquaastieue,quua
560 741 632 792 saepe
650 727 677 780 ia
712 724 914 783 Albanarumee
925 731 1044 794 ieee,ubi
1052 731 1248 794 scanderent,

146 803 265 870 epistulis
283 806 440 858 mentionem
459 804 534 867 iacit,
549 817 678 870 uunquam
715 803 931 858 urbemeuudere
943 809 1248 873 permirantsnbmouta

146 899 176 938 aa
195 883 273 948 plum
290 883 420 948 pleneque
438 882 570 934 extricare
591 889 678 948 quast.
714 879 846 944 Palatino,
863 884 968 936 bertatu
989 885 1107 938 Faustuli
1124 885 1249 936 educatu·

146 961 285 1012 mas.
671 1017 675 1024 ³
714 958 752 1008 ris
766 958 901 1024 subqnem
919 962 1043 1014 Euander
1060 961 1173 1028 Arplrus
1187 976 1249 1013 ecu-

171 1039 287 1095 'Qeumu
305 1039 407 1090 alm
423 1035 594 1103 prouuttesto]
611 1034 679 1085 Vide
716 1044 866 1086 secreverat
884 1037 1010 1088 sacrificiu
1022 1035 1111 1101 iactet
1126 1037 1248 1102 casiaque

146 1113 253 1166 Plutlu
265 1113 331 1166 Cas.
351 1113 446 1164 subtili
458 1112 588 1164 sententia
598 1105 679 1162 ambi·
715 1113 811 1176 capris,
832 1115 964 1179 epularum
985 1116 1116 1168 lrllarltste
1140 1129 1172 1166 ac
1190 1117 1249 1166 riae

146 1190 269 1240 tineosum
288 1187 398 1241 ῦπόθηυ
412 1187 680 1253 uetatVelleiaa,qui
717 1189 829 1252 largluee
855 1191 984 1256 preteeti,
1016 1189 1099 1242 divisa
1125 1191 1251 1254 pastorali

147 1265 401 1332 cumbeberequanr
415 1270 572 1328 exspectare
588 1264 681 1314 malim
716 1263 806 1327 turba,
826 1265 907 1317 cincti
929 1267 1042 1330 pellibus
1062 1266 1250 1318 immolatarum

146 1339 265 1404 meree,
272 1353 322 1390 uec
331 1337 507 1404 premittenda
518 1338 682 1404 mitigantur,
717 1337 1013 1404 instimularetur
1026 1341 1101 1404 cujus
1112 1339 1252 1390 nllautatla

147 1413 511 1486 etdiffereudocffenduutur.
529 1414 680 1479 Quauqnuul
717 1415 844 1466 numeria
870 1429 957 1469 annua
983 1416 1095 1468 circuitu
1117 1416 1251 1466 Feriarum

149 1489 350 1546 auimeiuuidire
364 1488 465 1543 facibus
477 1490 534 1553 jana
546 1501 682 1552 succense,
717 1491 866 1557 repetitur.'
894 1493 1049 1544 Piutaerbus
1064 1506 1166 1558 queqtu
1189 1493 1252 1542 aliar

149 1569 326 1620 ‘emniaaunt
336 1567 449 1632 ingrata,
460 1565 525 1616 uliail
535 1563 628 1616 iecisse
639 1565 683 1614 be-
717 1569 821 1629 scrlbit,
838 1571 998 1620 lustrationis
1018 1583 1110 1620 caussa
1131 1567 1254 1620 instituta

148 1645 228 1710 uigue
251 1643 306 1694 est·
337 1641 406 1692 Vide
424 1641 458 1690 de
474 1640 515 1690 bie
536 1647 565 1690 et
588 1639 683 1690 ceteris
720 1644 802 1693 rideri
822 1657 907 1709 pesae,
928 1659 960 1696 ee
985 1645 1055 1712 qued
1081 1643 1253 1695 timentebus

149 1720 319 1784 popularibus
338 1718 442 1770 sceleris
461 1717 541 1768 Diou.
558 1725 633 1766 ων.
655 1730 684 1781 p.
721 1718 795 1768 fastis
814 1720 909 1768 mauris
927 1719 1072 1782 Februarii,
1092 1719 1136 1784 qui
1159 1731 1252 1769 numen

149 1799 208 1846 att.
225 1795 300 1846 [desa.
722 1795 755 1844 ab
775 1793 965 1859 expiationibus
981 1795 1070 1846 babet.
1103 1793 1212 1844 Ouidius
1225 1793 1253 1842 iu

181 1869 347 1933 enubentis]
357 1869 510 1931 Teutabam,
520 1868 619 1918 mila
628 1866 685 1918 ollis
724 1872 811 1920 Fastis
826 1885 859 1921 ec
869 1867 959 1933 refert,
968 1871 1036 1936 quud
1053 1870 1164 1920 Romani
1176 1869 1254 1920 bene-

150 1947 231 1999 eurlis.
254 1946 326 2010 Lipe.
360 1942 532 2007 'cnsilimiisJ
560 1941 686 2004 tlurlxas
720 1943 774 1995 ticli
787 1944 1255 2009 memereeprantiliainpa,iuadu·

152 2022 256 2087 qtridem
278 2023 322 2086 qui
345 2019 485 2086 refingunt,
512 2020 612 2070 cesariir
630 2021 686 2070 ullis
722 2019 814 2072 caudis
827 2019 968 2072 infantibus
989 2022 1099 2074 Romule
1119 2027 1147 2070 et
1164 2021 1256 2080 llerue,

152 2097 309 2158 accusauit.
333 2097 385 2146 Sed
398 2111 445 2148 cur
457 2096 559 2146 ubuic
570 2096 628 2146 lece
640 2094 687 2146 mi·
724 2095 848 2161 templum
868 2094 906 2146 iiii
927 2095 1106 2148 exstruxerint
1125 2093 1159 2146 ari
1176 2093 1255 2144 ticnru

152 2173 359 2235 uuereurenlat,
373 2170 436 2224 iacit
450 2171 519 2237 qued
539 2171 628 2222 atatim
648 2185 687 2222 se·
722 2173 896 2236 Ruminalem,
921 2172 991 2236 quod
1023 2179 1066 2224 eet
1095 2171 1257 2236 appellatum

153 2245 612 2318 quatnr‚alir'aqaeeluriaeraiaiseiriu
625 2246 686 2296 Cea·
724 2247 862 2311 Lupercal.
892 2246 937 2297 Sic
956 2245 1024 2296 enim
1042 2245 1096 2296 ait:
1111 2244 1182 2295 ‘iila
1197 2245 1255 2294 lece

153 2323 258 2376 callemus
274 2325 333 2376 bele
354 2330 441 2383 accat,
461 2321 563 2372 ceuallli
571 2319 687 2384 ejusdem
722 2323 818 2372 neuieu
839 2319 914 2385 lecit,
935 2322 1007 2372 lecca
1039 2321 1097 2386 lpse
1117 2321 1257 2384 Lupercal,

89 2417 91 2422 ·
155 2395 688 2465 participee;qnaaiguifrcatieueetuaus
723 2396 989 2462 Magnadatiuutria
1006 2398 1112 2462 premia
1126 2395 1203 2448 lactis
1212 2395 1258 2446 laa-

156 2477 259 2528 Clcere.
287 2476 388 2526 Gruter.
724 2472 788 2524 bet!
820 2473 924 2537 Templi
941 2473 1017 2537 hujus
1027 2472 1186 2534 sacerdotes,
1196 2483 1257 2520 auc·

188 2547 487 2616 lupsaeadeeapitieiue]
512 2547 582 2602 Vere
602 2544 687 2598 sudas
724 2556 781 2599 ture
803 2551 931 2612 Varrone,
951 2547 1106 2600 dicebantur
1134 2545 1257 2610 Luperci,

156 2635 185 2678 et
206 2627 338 2691 indignum
363 2625 479 2684 facinus,
501 2629 598 2687 prater
618 2621 689 2672 milia
725 2625 841 2690 quinurli
860 2635 914 2674 reru
931 2623 1044 2673 divinam
1061 2621 1183 2685 agebant,
1199 2633 1259 2682 per·

156 2705 230 2766 alius,
251 2702 441 2768 elegantissime
463 2701 556 2752 Cicero
573 2713 605 2750 sr.
628 2699 690 2750 Phi·
724 2713 775 2765 qna
798 2700 869 2748 vices
887 2698 958 2748 urbis
977 2704 1006 2747 et
1027 2695 1142 2759 compita
1159 2694 1259 2744 (liecur-

158 2777 224 2842 iipp.
252 2784 355 2840 narret,
370 2782 399 2828 et
425 2773 541 2838 cupitae
566 2773 690 2826 acerrima
725 2781 813 2826 rantra
831 2774 943 2838 pellibus
962 2774 989 2823 iu
1006 2771 1119 2824 scuticas
1141 2770 1260 2820 dissectls

155 2867 215 2905 cum
236 2853 293 2916 bac,
316 2859 371 2903 turn
393 2847 587 2916 insequentibus
607 2846 691 2898 t'erme
727 2850 815 2900 cliviae
826 2861 941 2914 quasque
950 2845 1067 2898 tornines
1078 2845 1261 2907 verberabant,

156 2928 285 2980 erunibus.
307 2926 440 2976 Acidaliae.
727 2925 767 2975 ita
784 2939 827 2976 eea
845 2923 979 2975 foeesntiss
996 2923 1053 2974 fieri
1073 2922 1260 2973 existimantes.

190 3001 371 3067 lupercalibus]
418 3000 559 3064 Lupercalia
592 2997 692 3064 placuit
727 2999 805 3052 Unde
825 3007 853 3052 et
874 3000 973 3065 Crepes
988 2998 1105 3063 appellat
1124 2997 1227 3052 Festus,
1243 3007 1261 3044 a

157 3079 269 3130 Varroni
288 3076 349 3127 iude
366 3089 496 3126 ucenaere
507 3089 610 3137 nemen,
623 3073 692 3141 qued
728 3076 833 3140 crepitu
849 3075 1038 3139 pellicularuru.
1071 3070 1123 3122 Sed
1134 3071 1204 3120 euim
1215 3069 1261 3118 aii·

156 3154 274 3218 Luperci
290 3167 365 3204 sacra
375 3149 494 3202 facerent
509 3153 536 3201 in
548 3148 693 3212 Lupercali.
728 3151 775 3216 uui
797 3164 883 3202 rursus
910 3150 956 3215 (ne
979 3148 1005 3198 iel
1027 3144 1170 3210 negligam)
1189 3143 1262 3194 utera

157 3229 287 3281 Euteuirn
299 3227 437 3292 Lupercal,
450 3223 626 3286 testeserrlu,
635 3237 693 3300 spe·
729 3226 869 3277 uoluerant
882 3223 1033 3288 Lupercalia
1050 3235 1065 3270 a
1084 3220 1153 3284 lupis
1170 3233 1262 3270 arceu-
1373 3280 1376 3288 ι

158 3309 236 3358 lanea
251 3304 298 3355 sub
310 3307 398 3353 moute
408 3299 575 3364 Paletinn,iu
586 3312 639 3366 qua
651 3311 693 3350 ce·
728 3302 788 3363 ‹lie;
806 3301 873 3367 queri
883 3300 1015 3352 celebrato
1034 3294 1160 3348 asentieie
1173 3297 1217 3346 tati
1235 3297 1261 3346 tn

159 3395 209 3448 pro
227 3380 359 3440 icebatur,
376 3377 402 3428 id
423 3382 472 3438 eet,
493 3373 693 3426 sacrificabatur.
730 3377 809 3428 Panis
829 3379 961 3438 bonorem,
979 3376 1022 3442 qui
1041 3378 1083 3424 est
1105 3371 1191 3424 dictur
1211 3371 1262 3434 Ly·

161 3455 206 3513 De
217 3454 316 3518 origiue
326 3460 412 3504 huten
424 3451 611 3516 Lupercalium,
621 3449 694 3500 varia
730 3467 811 3515 auus,
827 3453 881 3517 lupi
897 3457 1048 3502 arcerentur
1058 3463 1075 3499 a
1085 3448 1223 3514 peceribus
1235 3453 1263 3496 et

154 3530 301 3580 traduntur
316 3527 520 3580 abaueteribue.
546 3527 694 3579 Suntnaur·
730 3527 847 3580 stabulis.
880 3528 1003 3578 scribunt
1015 3526 1084 3575 eninr
1103 3523 1263 3574 Plutarchus

165 3621 217 3672 qne
228 3607 273 3672 qul
290 3606 323 3656 ab
343 3606 466 3658 Euandre
481 3619 515 3655 ex
532 3603 649 3654 Arcadia
668 3603 695 3654 iu
730 3611 760 3654 et
770 3604 868 3665 Lirina,
878 3617 936 3652 cnm
946 3600 1068 3652 Euander
1082 3597 1197 3648 selune
1213 3595 1263 3646 bue

162 3687 267 3738 ltaliam
290 3686 417 3736 translata
427 3681 573 3737 affirmant:
595 3681 696 3744 Diony·
731 3677 887 3732 sacrificium
904 3677 1035 3727 intulisset
1052 3673 1079 3722 iu
1102 3671 1207 3722 ltaliam
1230 3683 1264 3718 ex

163 3753 697 3826 elue,Lirlus,Piutarcbua,etmultialli.
732 3753 857 3817 Arcadia,
875 3751 986 3816 tangue
1005 3749 1043 3800 illl
1059 3747 1175 3798 Faunum
1195 3753 1264 3794 naeu

158 3837 291 3892 'Nonnulli
308 3836 430 3888 instituta
449 3842 478 3886 et
496 3832 629 3884 celebrata
646 3829 698 3894 pri-
734 3837 787 3882 tern
803 3836 832 3880 et
844 3843 920 3894 agree
931 3827 1083 3888 asslgusue,
1101 3823 1180 3885 tuque
1195 3820 1265 3870 illiue

161 3907 698 3972 uumauonmouuemornduutprop-
734 3903 866 3954 radicibus
885 3901 1055 3953 ceaaututam
1082 3898 1178 3962 Lycaeo
1200 3903 1265 3948 tear·

164 3997 206 4040 ter
224 3988 321 4040 factam
333 3987 381 4038 eibi
393 3986 427 4036 ab
439 3998 487 4034 aue
505 3983 643 4034 Numitore
656 3995 698 4034 ur·
735 3981 816 4045 plum,
826 3978 868 4029 ubi
880 3976 976 4027 nudum
991 3971 1201 4037 cosepielebatur
1212 3971 1266 4022 Dei

164 4065 205 4118 laia
216 4066 241 4114 lu
254 4070 342 4114 moute
358 4060 481 4112 Palatino
499 4055 642 4110 ceudeudm
655 4071 699 4121 pu·
734 4055 910 4116 simulacrum,
926 4050 994 4116 pelle
1012 4047 1134 4100 amictum
1151 4046 1267 4112 caprina,

166 4147 511 4204 testatem,quamcaussem
523 4133 699 4197 explicatva·
735 4145 788 4202 que
804 4127 894 4179 babitu
906 4125 1047 4176 currebant
1064 4125 1153 4175 ilum·
1172 4123 1202 4175 in
1215 4123 1265 4174 Lu·

164 4215 245 4266 lcriuu
264 4215 394 4266 Maximus
414 4211 459 4262 lib.
479 4223 511 4262 u.
529 4210 570 4262 his
594 4209 695 4261 verbis:
737 4205 890 4272 percalibus.
914 4201 1051 4268 Proprium
1061 4205 1120 4252 erat
1129 4199 1187 4263 ejus
1198 4199 1267 4250 cele·

231 4293 319 4358 Delpb.
328 4298 352 4342 et
367 4293 422 4342 Vnt.
432 4291 498 4342 ctus.
683 4289 779 4339 Pam.
1144 4283 1161 4328 2
1179 4279 1201 4327 B
