2948 4862
270 403 319 454 na
343 403 496 454 vacuari
522 399 693 466 racemo,
717 395 899 469 nonanus,
923 403 970 452 ar
994 403 1093 456 rina.
1183 386 1225 458 tl

128 545 257 618 tutibus
282 547 461 616 laudandis
484 555 644 629 roratur,
670 568 754 636 quas
774 511 883 631 nemi),
907 567 1016 636 nequa
1035 523 1227 636 aequalium,

127 671 236 736 neque
251 653 454 736 scriptomm
464 651 600 718 sericas
616 653 694 732 euri,
719 653 778 738 qui
804 653 1001 737 gravissime
1025 673 1100 720 aum
1124 653 1228 720 casua·

128 757 220 837 gant,
236 753 399 835 denegare
422 753 454 817 ci
478 771 582 818 ausus
606 759 670 834 est,
691 773 724 820 v.
741 775 772 820 c.
794 755 918 840 ingenii
939 755 1046 836 dotes,
1065 757 1229 830 virtutem

127 853 298 931 bellicam,
311 870 366 918 res
379 855 539 939 praeclare
560 853 751 939 fortiterque
766 857 858 952 ‚bello
879 863 1002 941 gestas,
1028 857 1228 942 singulam

127 955 282 1022 laborum
296 954 490 1038 patientiam
504 961 536 1020 et
552 953 732 1022 officiorum
746 976 870 1037 curam
885 959 1047 1026 duriorem
1067 961 1145 1026 vitae
1160 957 1229 1025 dis·

127 1055 301 1140 ciplinam,
326 1054 480 1120 mollitiei
502 1057 711 1142 luxuriaeque
733 1058 857 1142 fugam,
887 1061 1094 1145 prudentiam
1119 1061 1227 1139 ducis,

126 1151 366 1224 humanitatem
387 1177 465 1241 erga
485 1157 621 1238 milites,
644 1162 855 1227 severitatem
878 1181 957 1247 erga
984 1165 1120 1230 eosdem
1151 1163 1229 1230 miti

128 1261 307 1326 elementia
321 1267 550 1343 temperatam,
570 1260 782 1339 modestiam,
807 1263 937 1329 civilem
952 1267 1109 1343 animum,
1128 1265 1228 1330 liber·

127 1363 287 1446 tutisque,
318 1368 476 1446 quantum
500 1363 565 1426 sub
586 1363 685 1427 unius
706 1363 872 1446 auspiciis
894 1364 947 1429 fas
971 1371 1052 1444 erat,
1073 1361 1226 1431 studium

127 1457 209 1530 Vid.
225 1464 364 1530 Sueton.
380 1463 458 1527 Tib.
474 1462 526 1527 18.
541 1463 596 1528 24.
618 1463 733 1528 abac.
779 1463 910 1548 Neque,
937 1485 1014 1550 qum
1042 1465 1083 1532 de
1105 1465 1229 1551 Sejanc
1359 1509 1363 1518 ·

127 1563 460 1650 praedicat,(rr.12'7.
475 1562 555 1649 sq.),
579 1585 600 1628 a
621 1565 755 1629 ueritate
771 1565 954 1632 abhorrent.
998 1565 1172 1634 (ii-Tacit.
1184 1565 1229 1632 A.

130 1683 182 1731 ιν.
199 1666 234 1732 1.
249 1673 281 1731 et
294 1667 328 1731 2.
375 1665 505 1730 Deinde
530 1684 608 1730 vero
628 1683 706 1729 cam
719 1670 856 1750 uterque
873 1666 996 1732 multas
1018 1668 1158 1733 virtutes
1183 1666 1228 1732 si·

128 1768 291 1832 mulanter
310 1767 459 1850 fingeret,
473 1786 612 1851 quarum
635 1767 765 1831 vanitas
789 1775 909 1852 postea
934 1767 1141 1852 deprehensa
1163 1773 1226 1848 est,

128 1869 283 1934 Velleius
298 1869 352 1932 vel
365 1869 559 1951 pravitatem
572 1869 671 1933 animi
685 1887 796 1932 eorum
809 1869 1007 1948 obvelatam,
1016 1871 1140 1953 pietate
1147 1887 1228 1953 erga

129 1969 322 2054 Principem
348 1971 562 2053 praepeditus,
592 1968 681 2034 haud
710 1974 935 2053 perscmtatas
958 1969 1141 2055 perspexit,
1172 1969 1228 2037 vel

25 2063 26 2068 ’
129 2078 337 2155 perspectam
350 2071 443 2136 haud
464 2073 604 2155 aperire,
626 2073 748 2154 potius,
764 2079 800 2135 et
813 2071 905 2153 vulgi
920 2073 1034 2155 specie
1049 2071 1226 2150 occaecati,

130 2179 165 2236 et
177 2173 266 2238 aulae
281 2171 478 2255 Imperatori
491 2171 643 2250 laventis,
661 2170 791 2255 judicia
813 2173 908 2255 sequi
927 2172 1054 2251 maluit,
1077 2191 1153 2238 com
1165 2171 1226 2237 Ti-

129 2274 250 2352 berius,
267 2293 365 2357 quem
380 2263 454 2338 sive
468 2273 612 2351 colebat,
638 2274 710 2338 sive
724 2275 899 2351 metuebat,
919 2273 1000 2338 nibil
1026 2274 1147 2356 aegrius
1160 2274 1226 2338 ser·

129 2379 307 2458 ratonem
320 2375 446 2439 recludi
462 2394 537 2457 quae
554 2379 715 2457 premeret
734 2391 857 2438 aroana
875 2375 1033 2456 pectoris.
1055 2373 1100 2437 V.
1114 2373 1225 2440 Tacit.

130 2473 173 2540 A.
190 2493 243 2542 rv.
258 2477 314 2541 71.
355 2467 520 2540 Abhorret
534 2477 635 2557 igitur
647 2473 798 2540 Velleius
821 2494 843 2538 a
863 2475 1105 2538 recentioribus
1121 2476 1227 2558 scrip·

130 2578 257 2642 toribus
270 2577 416 2644 maxime
430 2597 483 2655 eo,
498 2575 590 2660 quod
604 2577 658 2641 ille
673 2575 708 2639 in
724 2581 863 2640 externa
878 2577 986 2658 magis
994 2595 1102 2640 rerum
1112 2577 1226 2660 specie

127 2677 269 2745 honesta
282 2677 507 2764 acquieverit3
522 2679 556 2744 bi
566 2699 654 2757 vero,
666 2677 816 2746 ultimam
825 2679 971 2743 maxime
984 2677 1111 2743 Tiberii
1123 2677 1227 2744 viam

129 2800 316 2866 moresque,
340 2788 461 2864 postea
485 2781 673 2866 patefactos
687 2775 900 2866 posterisque
922 2779 1073 2858 traditos,
1100 2779 1227 2845 intuen-

129 2887 190 2961 tes,
205 2882 301 2948 nullo
315 2882 464 2966 periculo
480 2887 560 2960 tom,
578 2901 653 2948 eum
664 2881 866 2959 scribebant,
882 2879 948 2945 sibi
961 2882 1163 2958 imminente,
1177 2879 1226 2945 in·

129 2989 239 3049 ternos
251 2984 348 3048 istius
363 3001 494 3060 sensus,
521 2981 688 3066 animique
701 2982 885 3048 foeditatem
899 2983 935 3048 in
947 2984 1057 3050 lucem
1071 2990 1227 3067 protrax-

129 3085 224 3149 erint
268 3083 413 3149 Tumne
426 3085 587 3149 incideret
601 3085 636 3148 in
650 3091 725 3150 aeta
740 3083 866 3148 Tiberii
880 3084 1110 3168 vimperanda,
1123 3090 1224 3168 utque

131 3185 359 3266 offensionem,
383 3189 416 3251 in
431 3205 533 3272 qaam
547 3186 777 3252 descendendo
802 3185 845 3251 ad
869 3185 998 3269 singula
1021 3185 1154 3250 facilins
1173 3187 1225 3250 in·

130 3293 261 3355 currere
275 3294 415 3372 poterat,
429 3289 579 3366 evitaret,
590 3307 751 3353 summam
767 3293 893 3352 tantum
914 3287 1044 3371 imperii
1059 3288 1132 3370 ejus
1151 3305 1226 3370 per·

130 3395 267 3454 secutus
288 3395 349 3466 est,
372 3389 627 3454 excusationem
641 3389 744 3474 hujus
760 3387 892 3454 consilii
906 3389 940 3454 in
955 3389 1033 3452 viva
1044 3387 1226 3470 'aequalium

130 3492 289 3555 mamona
301 3491 446 3571 babens3
468 3490 535 3556 uid.
549 3507 592 3556 rr.
608 3492 683 3556 126.
727 3491 785 3556 Ita
806 3510 887 3556 sane
909 3491 962 3554 las
978 3495 1050 3577 ¹crat
1071 3489 1225 3574 scriptori

85 3593 90 3609 '
128 3591 235 3657 multa
241 3595 412 3669 omittere,
427 3593 541 3671 mrum,
553 3613 629 3678 qnae
643 3593 807 3676 praeterire
822 3592 1043 3675 periculosum
1055 3597 1135 3668 crat,
1144 3591 1225 3654 bre·

129 3693 215 3758 viter
228 3697 399 3777 attingere,
409 3701 515 3780 atque
540 3695 719 3762 honestatis
743 3696 856 3780 specie
884 3696 927 3759 ab
951 3694 1030 3758 aula
1051 3694 1127 3775 ipsa
1139 3709 1225 3775 prce·

128 3797 225 3860 aena
237 3797 402 3880 obtegere.
504 3853 505 3856 ,

165 3895 330 3980 ,Denique
343 3918 411 3964 noa
425 3902 683 3984 praetereundum
704 3907 766 3980 est,
788 3900 943 3966 oratoriae
970 3892 1225 3980 amplificationi

129 4003 165 4064 et
182 4003 408 4079 momauoni,
432 4005 486 4068 coi
511 4003 665 4068 Velleius
688 4003 808 4080 studet,
829 4001 956 4086 aliquid
980 3996 1225 4063 concedendum

127 4117 212 4182 esse,
231 4103 298 4169 ubi
311 4101 498 4172 adulatoris
508 4122 688 4190 personam
701 4104 853 4170 induisse
869 4101 1009 4169 videtur.
1053 4097 1122 4166 Illa
1134 4099 1224 4169 onim
