2948 4862
415 373 463 422 nn
487 371 620 424 ornnrs
645 369 798 422 vnnnnrr
824 369 978 434 tunonn.
1203 352 1247 425 29

146 509 207 580 nbi
221 513 256 580 et
277 514 505 599 perspicuitas
517 517 565 583 rei
578 513 798 594 declarandae,
821 523 856 580 et
879 493 1026 599 gravitas
1041 520 1141 600 atque
1155 537 1247 600 mag·

147 615 265 684 nitndo
279 617 329 682 rei
340 617 550 684 inculcandae
573 619 708 702 copiam
729 619 915 703 requireret,
939 617 1006 682 vinr
1031 617 1246 702 eloquentia,

147 735 226 802 qnae
240 717 307 783 hac
321 738 359 784 re
372 719 564 796 continetur,
579 718 750 802 patefecit.
794 717 882 784 Haec
896 719 995 802 copia
1019 717 1109 786 inest
1133 722 1185 785 vel
1212 722 1248 786 in

145 819 245 884 rebus
258 819 467 898 enarrandis,
481 820 535 884 vel
549 820 586 884 in
597 820 720 886 vorbis.
763 819 853 884 Illud
864 825 1174 904 geuuspersecutus
1184 829 1248 902 est,

145 919 194 998 id,
217 918 312 1004 qnod
336 927 437 1004 ceput
461 922 510 984 rei
535 928 616 999 erat,
641 927 933 1006 perpensaque
947 941 1065 990 sensus
1081 924 1247 993 animum-

145 1021 460 1107 quemoreudivim
475 1021 656 1100 habebant,
681 1023 894 1106 explicando,
919 1029 958 1088 nt
982 1043 1036 1088 res
1058 1043 1101 1090 eo
1123 1027 1247 1094 clarius

144 1125 372 1208 perciperetur
394 1129 495 1207 atquo
517 1123 767 1207 ponderaretur.
810 1123 892 1188 Vid.
906 1144 939 1188 u.
954 1143 985 1216 c.
1000 1141 1041 1188 ιι.
1054 1124 1109 1190 22.
1123 1127 1178 1193 66.
1191 1128 1246 1194 76.

147 1223 317 1291 166126.
342 1227 403 1288 dcc.
447 1224 576 1290 Eadem
600 1225 703 1290 enimi
727 1243 847 1290 sensus
873 1227 1062 1305 commotio,
1088 1247 1164 1311 quae
1189 1230 1247 1295 illa

146 1328 333 1411 progenuit,
347 1325 489 1410 protulit
501 1345 638 1410 quoquo
651 1326 801 1412 ejusdem
815 1327 997 1406 memte,
1012 1345 1089 1410 quac
1105 1331 1247 1412 gratita

124 1509 130 1516 ,
147 1428 345 1512 scriptorem
359 1427 540 1506 afficiebat,
563 1428 847 1510 exaggerationem
870 1446 930 1513 per
954 1447 1077 1494 novam
1090 1430 1247 1513 pluresve

147 1531 286 1602 &mdes
330 1529 375 1596 V.
388 1551 419 1596 c.
433 1537 474 1594 ιι.
488 1530 542 1594 14.
556 1530 610 1596 22.
622 1529 677 1596 28.
692 1535 775 1596 extr.
790 1529 843 1596 89.
887 1529 1020 1597 Pariter
1042 1530 1077 1596 in
1099 1531 1246 1599 dictione

147 1631 253 1716 copia
273 1651 319 1698 ox
339 1632 456 1698 eodem
470 1634 570 1698 animi
595 1634 752 1698 commoti
774 1633 865 1699 sonte
887 1638 960 1698 orte
981 1639 1044 1709 est,
1066 1635 1246 1702 cumulatis

147 1735 342 1820 mourut
355 1753 417 1800 eeu
430 1735 606 1803 similibus.
627 1733 673 1800 V.
684 1754 713 1800 c.
731 1751 772 1799 ιι.
786 1735 818 1802 6.
832 1733 886 1798 52.
900 1733 976 1799 109.
999 1733 1041 1798 ln
1056 1734 1133 1800 eliis
1147 1735 1246 1814 locis,

107 1863 109 1867 ’
147 1837 207 1905 nbi
220 1857 291 1902 nno
305 1839 409 1904 verbo
423 1836 558 1919 defungi
571 1840 714 1920 poterat,
725 1835 954 1902 abundantiori
970 1835 1114 1902 dictione
1131 1854 1246 1900 nume·

147 1939 194 2004 ris
221 1944 257 2005 et
277 1937 507 2023 perspicuitati
530 1937 718 2024 consuluit3
754 1937 831 2002 huic
855 1936 1000 2022 quidem,
1022 1934 1082 2015 ‚eei
1113 1935 1246 2022 adjecto

148 2033 325 2118 mando,
348 2038 540 2126 praecedens
560 2039 667 2122 magis
688 2037 884 2116 declarante,
904 2055 937 2100 v.
953 2055 983 2101 c.
999 2053 1040 2100 ιι.
1054 2035 1108 2100 27.
1143 2036 1245 2102 ‘sarri

149 2141 360 2227 genimque:
395 2140 445 2205 cel
463 2142 614 2225 proprio,
641 2141 808 2226 tropicam
832 2138 1013 2204 dictionem
1035 2139 1245 2221 explanante,

148 2263 180 2308 v.
194 2263 226 2309 c.
241 2260 282 2308 ιι.
299 2243 375 2310 llo.
393 2249 480 2309 extr.
501 2244 601 2311 18.2.
615 2243 690 2308 118.
720 2241 770 2313 uel
797 2243 941 2329 tropico,
968 2241 1072 2306 altero
1093 2241 1245 2326 ejusdem
1370 2283 1374 2294 -

148 2347 275 2430 generis
303 2347 448 2425 clariori,
474 2367 508 2411 v.
535 2367 575 2412 c:
590 2363 629 2410 ιι.
651 2345 705 2410 11.
727 2344 784 2410 16.
806 2352 889 2411 extr.
921 2341 973 2408 cel
993 2345 1141 2428 proprio,
1162 2343 1245 2410 alte·

148 2465 185 2512 ro
206 2447 364 2530 graviori,
395 2465 435 2512 ιι.
454 2447 509 2514 18.
543 2447 644 2512 ι.17.
680 2444 730 2509 ael
759 2445 909 2510 effectum
930 2445 1130 2522 declarante,
1159 2463 1192 2509 v.
1215 2464 1246 2507 c.

151 2565 190 2629 ιι.
215 2551 270 2614 17.
295 2549 349 2614 19.
378 2547 430 2612 ool
459 2549 619 2633 adjuncto
646 2549 702 2612 vel
726 2549 828 2613 verbo
858 2546 937 2624 alio,
977 2545 1031 2609 vel
1066 2543 1244 2628 participio

148 2651 284 2716 modum
306 2651 355 2716 rei
382 2649 590 2734 declarante,¹
620 2671 651 2718 v.
674 2671 704 2716 c.
727 2667 751 2713 1.
771 2650 804 2714 9.
826 2648 880 2714 12.
907 2647 961 2712 15.
984 2663 1025 2712 ιι.
1040 2647 1072 2710 4.
1101 2641 1151 2714 cel
1183 2643 1246 2708 cir·

148 2752 415 2831 cumscribendo,
438 2771 470 2816 v.
485 2772 516 2816 c.
531 2769 556 2817 1.
570 2752 692 2818 17.18.
716 2768 757 2817 ιι.
773 2752 828 2816 od.
843 2750 899 2816 94.
914 2749 990 2816 125.

151 2917 153 2922 ,
187 2853 439 2924 adnumerum
463 2852 730 2937 orationisquod
745 2853 875 2929 attinet,
889 2871 965 2918 enm
986 2847 1142 2914 Velleius
1163 2865 1245 2916 con·

148 2956 308 3023 cunata
335 2955 567 3034 membrorum,
614 2955 766 3039 inprimis
791 2956 825 3020 in
844 2973 978 3020 tuorum
1002 2949 1244 3046 notationibus,

145 3059 335 3136 sententiis,
361 3057 600 3140 antithetisque
619 3057 724 3139 probe
748 3061 952 3121 consecutus
966 3060 1026 3118 ost.
1070 3051 1151 3125 Vid.
1167 3070 1198 3114 e.
1213 3069 1245 3133 g.

148 3175 188 3232 lt.
203 3161 238 3224 1.
252 3159 307 3224 18.
319 3158 373 3226 29.
387 3159 441 3224 46.
455 3160 511 3224 48.
524 3159 580 3245 65.
595 3159 649 3224 78.
664 3159 719 3224 85.
736 3159 790 3224 89.
804 3159 880 3224 126.
893 3161 954 3222 &c-
997 3155 1067 3218 Sed
1076 3153 1154 3220 hnic
1164 3170 1245 3217 con·

146 3261 299 3330 oinnitmi
314 3261 528 3326 adversantur
541 3261 641 3326 nimis
656 3261 766 3343 longae¹
779 3258 920 3342 periodi,
943 3253 1133 3339 dieparibua
1154 3258 1244 3320 ante·
1281 3343 1287 3351 ι

147 3363 360 3441 cedentibus,
375 3363 499 3446 quibus
519 3363 692 3432 multarum
711 3379 830 3440 rernm,
855 3358 1012 3424 adunam
1028 3361 1131 3438 caput
1144 3355 1245 3438 perti·

147 3465 309 3545 munau,
338 3464 501 3529 ambitum
530 3482 597 3534 una
630 3463 808 3531 verborum
837 3457 1127 3541 comprehensione
1162 3473 1247 3523 ,con-

148 3565 290 3650 affinxit,
316 3583 394 3631 curn
409 3563 690 3648 consequentibus
711 3562 918 3632 brevioribus
937 3559 1076 3643 junctis,
1089 3555 1144 3622 vel
1166 3576 1245 3622 cone

149 3667 250 3732 trario
275 3667 387 3734 modo.
432 3665 475 3732 V.
492 3685 523 3734 c.
540 3683 581 3735 ιι.
595 3665 648 3740 18,
692 3663 861 3746 Ingratum
883 3679 1014 3744 quoque
1038 3665 1101 3736 est,
1127 3658 1244 3740 depre-

144 3769 289 3844 hendere
301 3769 490 3838 orationem
505 3773 604 3852 atque
618 3765 792 3850 periodos,
804 3781 926 3848 eaeque
935 3763 1112 3843 longiores,
1125 3775 1245 3841 parens

145 3871 294 3939 tltoeibus
305 3871 509 3954 longioribus
524 3869 686 3934 ducissas
705 3866 756 3952 (v.
766 3868 788 3931 1.
804 3866 828 3929 l.
843 3873 877 3931 ot
892 3881 932 3928 ιι.
947 3855 1245 3942 latebatque

145 3972 194 4051 lit,
206 3979 245 4038 ut
254 3973 375 4038 lectori
390 3992 412 4036 a
424 3991 537 4038 rernm
550 3989 640 4038 nexu
654 3978 689 4037 et
710 3969 843 4044 summa
856 3967 1027 4041 distracto,
1043 3963 1161 4025 iterata
1174 3959 1244 4028 leo,

146 4072 250 4162 tione,
261 4071 309 4143 ,ad
322 4072 454 4138 initium
468 4073 512 4138 sit
524 4070 772 4146 recurrendum.
817 4067 885 4132 Sed
900 4072 940 4130 ut
953 4063 1012 4128 illa
1025 4061 1245 4139 membrorum

144 4174 299 4268 paderb·
317 4173 406 4248 ratio
438 4163 822 4264 easaetenatone
848 4167 951 4244 babet
974 4166 1009 4243 in
1033 4162 1245 4248 {corbeieae
