2948 4862
240 357 285 426 22
641 363 938 418 runnusouurta.

243 516 375 598 ingeulo
389 513 459 580 lieri
473 515 617 598 poterat,
630 511 685 578 vel
698 511 814 596 plures
827 509 997 587 notiones,
1010 525 1189 592 earumque
1202 505 1289 576 iuter
1300 527 1338 576 se

243 621 415 695 rationem,
437 602 652 700 paucissimis
671 615 781 681 verbis
796 613 997 696 constringit,
1013 612 1067 676 vel
1082 612 1195 696 plnres
1208 618 1338 678 senten-

244 723 310 787 tias
335 738 407 784 nno
426 718 600 782 verborum
626 714 807 800 complexu
832 714 1010 780 concludit.
1056 713 1103 778 Ut
1125 714 1224 798 igitur
1246 714 1339 801 apud

245 801 451 897 Sallustium,
465 817 515 883 ite
529 817 619 902 apud
632 815 799 884 Velleium
813 815 995 900 frequenter
1010 816 1119 882 obvies
1134 821 1210 882 sunt
1223 817 1340 882 verbo-

243 941 316 988 rnm
327 919 563 1004 cujuscumque
576 917 716 1002 genens,
732 917 978 1002 particularum,
993 919 1175 997 nominum,
1189 921 1341 984 substau-

245 1024 389 1090 tivorum
404 1041 500 1106 seque
517 1040 558 1086 ec
584 1021 838 1106 adjectivorum,
863 1019 1099 1104 verborumque
1113 1019 1262 1104 ellipses,
1278 1017 1341 1108 scd

244 1121 440 1208 optimorum
469 1123 670 1207 scriptorum
701 1120 857 1205 exemplo
885 1123 1121 1206 comprobatae.
1180 1121 1341 1188 Nonnun-

246 1245 349 1311 quam
357 1225 455 1303 adeo,
467 1220 556 1308 quod
567 1241 741 1290 commune
752 1227 802 1288 est
815 1223 970 1288 omnibus
978 1223 1155 1290 brevitatis
1167 1224 1341 1304 studiosis,

244 1326 448 1393 vocabulum
462 1346 508 1391 ex
523 1325 734 1410 precedente
749 1332 905 1408 cognato,
917 1323 976 1390 sed
990 1324 1132 1391 diversae
1147 1326 1275 1406 forme,
1289 1345 1341 1391 re-

245 1429 427 1514 petendum
451 1428 578 1492 assumi
596 1427 714 1511 jubet3
737 1427 941 1493 v.c.11.17.
964 1426 1119 1492 ‘consul'
1142 1427 1185 1492 ed
1207 1428 1341 1493 ‘factus

246 1529 312 1596 est'
326 1549 371 1594 ex
384 1530 612 1596 ‘consulatum
627 1529 763 1614 petens?
778 1546 821 1595 ιι.
835 1530 890 1596 39.
905 1527 1153 1613 ‘stipendiarie'
1174 1530 1218 1595 ad
1233 1530 1342 1596 ‘secta

245 1629 484 1696 estNumidia'
506 1649 549 1694 ex
571 1631 780 1713 praecedente
802 1629 1044 1716 ‘stipendium'
1088 1631 1209 1697 Plures
1221 1631 1341 1697 deindo

245 1732 398 1798 notiones
412 1733 466 1796 vel
479 1733 541 1796 sub
556 1732 797 1817 adjectivorum
810 1734 943 1812 neutris,
958 1752 989 1798 v.
1002 1753 1033 1798 c.
1050 1749 1093 1798 11.
1108 1734 1163 1800 84.
1186 1733 1343 1799 ‘meliore

248 1841 284 1900 et
307 1833 458 1899 utiliora'
479 1853 541 1916 pro
558 1843 666 1918 portes
696 1833 832 1899 meliores
859 1845 890 1900 et
917 1855 949 1898 o.
975 1833 1035 1920 (ci.
1054 1851 1095 1898 ιι.
1108 1832 1181 1920 49.)
1201 1834 1255 1900 vel
1278 1835 1342 1900 sub

247 1936 401 2020 epithetis
415 1935 606 2002 nominibus
621 1936 773 2021 adjectis,
795 1957 827 2002 v.
843 1956 875 2002 c.
892 1954 933 2001 ιι.
948 1936 1002 2002 24.
1026 1940 1203 2001 ‘externus
1217 1933 1343 2002 metus'

249 2055 312 2121 pro
337 2058 378 2099 m.
405 2035 446 2100 od
475 2033 557 2100 leste
586 2046 721 2100 externo.
753 2053 793 2100 ιι.
808 2039 862 2103 50.
894 2041 1012 2102 ‘arma
1035 2035 1257 2120 principalie’
1279 2055 1343 2123 pro

249 2137 361 2202 bellum
382 2138 464 2202 r’nter
481 2137 636 2223 principes
659 2135 806 2216 civitatis,
827 2138 1024 2221 complexus
1053 2144 1116 2203 est.
1161 2139 1243 2204 Pari
1262 2140 1343 2206 rati·

249 2259 312 2306 oue
326 2241 592 2318 enuntiationem,
619 2241 771 2325 pluribus
794 2240 907 2304 verbis
931 2239 1181 2320 absolvendam,
1205 2259 1273 2306 uuo
1287 2241 1344 2307 vel

250 2342 383 2407 duobus
397 2343 600 2426 constringit,
623 2347 660 2407 ut
681 2341 823 2406 ‘civium
838 2345 917 2406 voto
930 2339 1061 2426 major,’
1084 2357 1125 2404 ιι.
1139 2341 1193 2406 40.
1217 2341 1275 2406 ‘in
1290 2340 1343 2408 id’

250 2465 279 2510 s.
302 2443 410 2524 ‘boe’
431 2442 700 2528 praeconatio,
722 2442 813 2527 qnod
825 2463 845 2507 e
858 2450 1016 2509 contextu
1028 2442 1264 2526 explicandum
1279 2449 1344 2522 est,

249 2565 282 2611 v.
295 2565 324 2612 c.
342 2562 383 2611 11.
398 2546 455 2611 27.
469 2545 543 2611 114.
567 2545 732 2630 ‘imperio
746 2551 859 2610 nostro
884 2551 920 2609 et
942 2563 1004 2609 suo
1028 2563 1185 2629 quaereus
1207 2545 1344 2624 orbem,'

251 2647 325 2716 soil.
346 2667 482 2724 novum,
504 2664 545 2711 11.
560 2648 613 2712 46.
636 2647 669 2711 b.
688 2667 715 2710 e.
738 2666 768 2729 p.
784 2665 811 2707 ο.
828 2665 860 2710 o.
882 2644 932 2708 cei
953 2667 1005 2710 nos
1027 2644 1216 2730 imperemus,
1239 2655 1269 2710 et
1282 2646 1346 2731 epse

249 2750 384 2832 imperet.
453 2748 700 2830 Nonnunquam
724 2746 840 2811 eadem
863 2746 1022 2812 dictionis
1050 2747 1253 2832 parsimonie
1273 2767 1346 2814 rem

252 2852 363 2913 aotam
377 2847 544 2931 quendem
558 2847 715 2924 declaret,
738 2853 855 2912 utnon
878 2847 945 2912 nisi
959 2849 1140 2914 lectoribus
1155 2867 1262 2914 rerum
1274 2869 1345 2914 non

250 2949 375 3032 ignaris
391 2949 589 3033 perspicuus
612 2967 688 3014 esse
709 2950 830 3034 possit,
853 2970 886 3014 v.
901 2969 932 3016 c.
951 2967 991 3014 ιι.
1004 2951 1061 3016 46.
1084 2950 1267 3016 ‘invictum
1281 2970 1345 3034 par

250 3049 447 3129 consulum,'
470 3050 543 3115 scil.
566 3051 602 3114 iu
627 3052 832 3120 contentione
853 3053 896 3117 de
911 3053 1082 3118 consulatu
1096 3067 1172 3116 eum
1186 3052 1345 3135 competi-

250 3153 564 3232 toribus3etmox1:
586 3154 800 3220 ‘consulatus
821 3155 979 3240 Pompeii
1004 3161 1037 3222 ct
1055 3153 1171 3220 Crassi
1194 3173 1260 3220 nou
1283 3155 1344 3220 bo·

250 3259 344 3322 ueste
376 3253 426 3338 [h.
450 3273 480 3320 e.
505 3253 672 3338 pervim]
708 3256 860 3339 petitus;'
902 3272 944 3322 ιι.
964 3256 1018 3322 49.
1054 3260 1152 3320 ‘cum
1181 3255 1344 3322 Lentulus

147 3393 153 3402 ·
251 3355 346 3420 salve
359 3375 431 3442 rep.
447 3355 560 3420 salvus
576 3374 650 3422 esse
665 3365 729 3420 non
745 3356 882 3439 posset,'
903 3358 976 3422 scil.
991 3359 1035 3422 ob
1051 3377 1100 3423 ees
1115 3356 1257 3424 alienum
1272 3377 1344 3440 gm-

250 3457 424 3521 vissimum
453 3461 667 3522 contractum.
713 3457 869 3524 Pluribus
895 3459 1035 3544 denique
1057 3459 1344 3543 propositionibus

249 3579 317 3626 una
359 3559 859 3642 verborumcomprebensinne
898 3559 1133 3624 concludendis
1166 3559 1346 3626 admodum

249 3661 453 3729 inserviebat
467 3661 596 3743 patrius
611 3681 732 3739 sermo,
756 3660 941 3746 elegantem
963 3667 998 3726 et
1021 3659 1225 3744 frequentem
1246 3679 1345 3726 usum

249 3762 513 3849 participiorum,
541 3762 776 3846 adjectivorum
790 3765 959 3848 participii
973 3765 1050 3828 loco
1064 3762 1344 3852 usurpandorum,

250 3865 468 3937 ablativomm
484 3866 711 3931 absolutorum
726 3867 1044 3950 gerundiorumqn03
1066 3885 1203 3949 quorum
1215 3864 1344 3983 auxilio

248 3962 398 4032 Velleius
412 3969 540 4051 egregie
555 3975 609 4033 est
622 3987 716 4032 usus.

293 4065 367 4134 Etsi
383 4089 461 4135 vero
475 4071 619 4134 brevitas
632 4068 764 4134 dicendi
780 4072 922 4152 regnat
913 4090 947 4135 ιιι
961 4069 1084 4134 Velleii
1098 4087 1210 4152 opere,
1230 4073 1346 4135 auctor

250 4178 361 4247 temm
374 4176 406 4240 ei
419 4194 486 4240 non
500 4177 548 4240 ita
563 4195 599 4241 se
611 4175 754 4252 addixit,
769 4180 816 4252 ut,
842 4176 901 4240 ubi
916 4175 1047 4242 animus
1062 4175 1248 4244 commotus
1266 4189 1345 4238 ora·

251 4258 352 4347 tonia
367 4277 537 4364 engustras
547 4281 726 4371 respueret
737 4277 909 4348 mactum
921 4281 1051 4361 cogeret
1062 4291 1203 4354 sensus
1218 4259 1345 4351 coube,
