2948 4862
399 361 448 411 ur
471 361 604 419 ornare
628 363 961 420 vnuuurrwuons.
1185 357 1232 428 m

134 501 278 582 dictione
291 501 366 588 ejus
380 523 461 570 cum
470 507 668 592 optimorum
689 509 889 594 scriptorum
910 513 1074 598 exemplis
1093 533 1230 601 compa-

132 613 217 686 rata,
230 608 330 674 facile
343 609 538 676 refutantur.
581 610 653 676 Alii
668 617 794 692 conon,
818 614 1096 698 iiqueelsguutice
1117 618 1232 686 arbitri

133 708 402 794 locupletissimi,
417 717 455 777 ut
468 712 509 778 Β.
532 713 728 794 Rhenanus,
747 715 794 780 G.
807 715 837 780 I.
853 715 998 782 Vossius
1012 726 1046 782 ct
1066 716 1230 800 Muretus,

133 810 301 878 Velleium
323 817 333 847 ‘
344 815 428 880 nulli
438 815 522 882 iuter
535 815 673 883 latinos
686 817 880 897 secuudum,
895 824 1026 886 castum
1036 837 1078 884 uc
1089 819 1232 888 nitidum

132 914 166 980 in
180 914 344 998 diceudo;
366 916 545 984 dictionem
562 920 634 1005 ejus
653 920 751 1004 plane
773 919 959 986 Romanum
980 927 1080 1007 atque
1103 921 1232 1008 engeu-

132 1019 212 1096 tm3
234 1015 410 1083 historiam
421 1019 466 1084 ab
479 1038 525 1088 eo
535 1025 620 1086 tense
630 1021 781 1104 inprimis
800 1028 900 1106 atquc
910 1021 1074 1106 eleganter
1086 1043 1161 1090 esse
1171 1043 1232 1090 cx·

131 1116 310 1198 plicatum’
327 1118 540 1202 judicaruut3
557 1122 681 1206 quibus
691 1123 891 1205 astipulatur
905 1123 1136 1191 Ruhnkeuius.

183 1219 368 1298 Quodnam
391 1221 540 1305 priorum
563 1223 797 1290 historicorum
823 1226 1017 1310 exemptum
1045 1228 1231 1312 exprimere

132 1323 298 1388 studuerit
311 1322 447 1402 Noster,
467 1324 559 1416 idem
580 1324 799 1392 Ruhukcuins
821 1328 857 1392 in
878 1327 973 1412 prees.
997 1325 1138 1394 sublim
1161 1333 1232 1415 pri-

95 1459 100 1482 =
131 1444 204 1490 mus
217 1425 395 1490 verissimo
407 1426 609 1493 observavit.
652 1427 794 1492 Etiamsi
808 1429 895 1494 euim
909 1429 1233 1512 mgentnnhumbar

132 1528 333 1610 optimorum
355 1533 531 1594 auctorum
555 1527 721 1612 elegantia
742 1530 912 1609 nutritum,
945 1537 982 1596 ut
1008 1530 1093 1596 adeo
1116 1551 1232 1600 eorum

131 1629 327 1708 sententies,
352 1630 498 1696 colorem
523 1637 621 1716 atque
645 1637 796 1696 ornatum
818 1651 1057 1716 nonnunquam
1078 1633 1146 1698 tere
1168 1653 1240 1700 ex·-

132 1731 313 1812 presserit3
334 1735 457 1810 tamem
471 1732 605 1798 desmto
614 1731 716 1797 Livio
731 1733 1015 1818 eloquentissimo,
1026 1732 1232 1802 cuisorsitau

132 1833 265 1898 nouus
280 1851 345 1898 sua
358 1833 499 1913 obstitit,
513 1834 668 1900 Sallustii
684 1823 892 1900 aemulatioui
905 1833 1231 1918 andromachae,

134 1939 170 1997 ut
193 1932 387 2000 Ruhnkeuii
408 1935 519 2002 verbis
539 1943 627 2014 utar,
643 1936 819 2002 artificium
840 1935 965 2002 indolis
989 1933 1148 2003 humanu
1171 1937 1232 2004 dc·

134 2035 318 2102 scribendae
338 2037 507 2116 didicisse,
520 2038 620 2122 hujus
632 2039 819 2104 imitatione
832 2035 1004 2104 efficacem
1018 2057 1094 2104 esse
1112 2041 1232 2106 ctbre-

134 2135 236 2201 ritate
265 2157 451 2218 nervosum,
479 2139 524 2204 ab
549 2139 615 2204 hoc
636 2138 779 2224 denique
801 2143 908 2205 toturn
929 2139 1072 2224 pendere
1094 2158 1172 2206 curu
1195 2141 1231 2206 in

133 2237 258 2316 verbis,
273 2244 344 2306 tum
358 2241 393 2304 iu
411 2241 567 2306 orationis
583 2245 818 2318 structura,cst
830 2241 1057 2308 manifestum
1087 2243 1235 2308 ‘Sallus-

134 2340 200 2406 tius
220 2342 310 2406 euim
334 2342 491 2408 omuibus
503 2341 719 2408 historiarum
733 2343 949 2427 scriptoribus
962 2343 1039 2408 iude
1060 2345 1105 2410 ab
1118 2342 1231 2412 Arun-

134 2442 192 2519 tio,
217 2441 361 2526 Augusti
375 2445 511 2528 aequali,
527 2443 692 2528 scriptore
711 2443 794 2510 belli
810 2444 933 2510 Punici
945 2445 1139 2530 deperdito,
1159 2451 1231 2512 tan

134 2543 216 2608 mire
230 2544 370 2628 placuit,
396 2554 449 2626 ut,
473 2548 508 2610 in
531 2565 610 2630 qutc
632 2546 690 2612 hic
712 2547 801 2610 ultro
828 2545 1003 2622 inciderat,
1016 2545 1174 2612 ‘studiose
1196 2552 1232 2612 ct
1282 2622 1284 2624 ,

135 2657 255 2712 temere
271 2653 465 2732 quaererent,
485 2653 522 2712 ct
536 2652 728 2730 amputatas
742 2645 938 2724 contendas,
955 2646 1060 2711 verba
1072 2652 1150 2714 aule
1169 2665 1231 2714 cx·

131 2753 300 2837 pectatum
315 2749 470 2814 cadentia
484 2755 518 2815 et
531 2749 709 2814 obscurum
729 2747 929 2814 bmuitatem
942 2765 1006 2832 pro
1025 2748 1116 2814 cultu
1128 2748 1230 2814 hahe-

135 2857 216 2915 rent.
238 2850 284 2917 V.
299 2851 416 2916 Scnec.
439 2851 507 2936 Ep.
521 2850 598 2915 114.
644 2850 699 2916 Ex
713 2849 768 2915 his
780 2849 932 2916 Sallustii
947 2849 1078 2916 tumulis
1090 2851 1231 2918 fusim

134 2960 166 3018 et
189 2953 323 3038 mogus
345 2953 529 3038 Pompeius
543 2951 617 3032 tuit,
638 2973 739 3036 quern
760 2953 995 3018 sententiarum
1009 2957 1043 3020 et
1055 2953 1230 3019 breuituis

135 3055 283 3122 studium
310 3055 353 3125 nd
378 3055 516 3122 nimium
541 3055 730 3124 acuminum
757 3055 1025 3140 nuntiatumque
1048 3054 1231 3139 aucupium

29 3165 30 3171 ’
135 3156 286 3234 abduxit,
301 3158 357 3241 qui
372 3157 461 3221 istud
478 3173 593 3239 genus,
613 3155 812 3222 Ruhnkeuio
830 3155 957 3243 judice,
974 3162 1012 3221 ut
1032 3154 1176 3222 Ouidius
1192 3156 1231 3220 in

133 3257 281 3340 ligatum,
296 3258 395 3324 ita-in
408 3275 546 3342 prosam
569 3259 748 3324 orationem
761 3258 901 3338 invexit,
925 3261 960 3322 et
976 3255 1108 3324 Velleio
1129 3257 1165 3322 iu
1186 3277 1230 3322 eo

134 3376 266 3442 quoque
281 3357 350 3424 dux
364 3358 432 3424 tuit
443 3361 543 3443 atque
554 3359 758 3443 exemplum.

175 3459 381 3526 Audendum
406 3478 538 3545 quoque
562 3467 615 3524 est
629 3459 758 3544 aliquid
784 3460 828 3525 de
854 3457 1071 3542 chronologis
1091 3457 1230 3538 velleii,

135 3561 272 3646 eJ'mquc
286 3570 560 3647 temperatorum
581 3563 715 3629 notandi
732 3561 853 3628 surdio.
897 3560 1144 3628 Etiamsieuim
1158 3580 1232 3628 ora*

133 3664 230 3730 toriis
254 3666 414 3732 sensibus
439 3670 472 3730 et
494 3665 608 3730 diserti
630 3665 697 3730 oris
718 3682 800 3730 sono
822 3661 1039 3730 concinnavit
1057 3662 1232 3736 historiam

133 3784 232 3832 suum
242 3769 431 3851 praecisam,
445 3773 553 3832 tumen
568 3768 808 3854 cujuscumque
820 3766 917 3845 facti,
939 3766 994 3831 vel
1008 3763 1095 3850 ejus,
1112 3765 1148 3828 in
1161 3781 1233 3848 quo

132 3887 243 3936 rmum
252 3887 382 3934 summa
396 3871 599 3948 vertebatur,
612 3869 678 3947 vel,
693 3869 783 3954 quod
796 3869 971 3954 praecipua
981 3866 1145 3934 memoria
1158 3861 1231 3948 dig·

131 3989 212 4034 uum
232 3971 399 4049 habebat,
435 3991 552 4050 anuos,
587 3971 759 4038 erudiendi
781 3972 924 4038 lectores
948 3987 1062 4050 causa,
1091 3965 1232 4052 adjecit.

134 4070 215 4152 Quo
226 4071 266 4149 ‚iti
277 4074 414 4157 negotio
426 4073 597 4154 Varronis,
612 4075 819 4160 antiquitatis
833 4074 1060 4139 Romanorum
1077 4069 1232 4152 doctissiq

131 4175 483 4260 musmonem
496 4195 582 4262 mse,
600 4180 694 4266 patet
714 4194 759 4243 ex
782 4191 807 4240 ι.
820 4173 854 4243 8.
895 4171 984 4281 Scri,
998 4176 1041 4242 ut
1061 4172 1159 4252 dccet
1177 4167 1232 4257 dig
