2948 4862
582 405 774 456 urrsronn.
1203 395 1225 460 3
1244 379 1256 388 ”

128 573 199 618 esse
228 551 287 616 illa
317 559 476 629 cemeret,
507 553 628 634 qulbus
659 573 679 616 u
707 551 808 633 vulgo
825 551 924 616 facile
952 553 1223 635 dignoscebans3

127 655 289 737 ingenium
303 654 469 717 excellens
484 661 515 718 et
529 655 674 718 indolem
690 656 811 736 regiam
824 675 833 734 3
855 654 999 718 animum
1014 657 1090 718 item
1110 656 1225 737 gloriae

130 757 305 838 cupidnm3
328 755 493 840 ejusmodi
516 759 643 839 generis
658 777 698 820 ac
713 763 840 820 naturae
857 757 956 820 bonis
972 764 1225 823 consentaneam

130 859 258 942 optavit
286 877 376 935 esse,
407 878 505 940 qnam
534 859 710 939 reciperes,
737 857 987 922 institutionem.
1035 857 1154 924 Voluit
1181 859 1226 924 ad

130 960 273 1024 omnium
290 961 407 1025 artium
421 959 531 1024 studia
545 959 594 1023 sic
608 960 813 1023 incumberes
827 978 920 1040 puer,
933 965 969 1023 ut
983 960 1034 1044 vir
1047 961 1129 1025 inter
1141 962 1226 1026 alios

130 1059 305 1143 Principes
334 1079 399 1124 non
428 1062 537 1125 minus
568 1059 742 1137 doctrinae,
773 1080 875 1143 quarn
905 1066 1087 1124 ceterarum
1109 1081 1225 1140 rerum,

129 1163 350 1246 principatum
364 1164 540 1227 obtineres.
578 1159 689 1238 Quam
711 1180 787 1224 vero
804 1160 932 1242 egregie
946 1159 1051 1242 Regis
1066 1163 1226 1229 voluntati

130 1264 335 1347 respondes!
372 1263 481 1328 Tanta
502 1272 556 1328 est
570 1264 669 1327 etiarn
692 1283 778 1326 nuuc
793 1271 850 1327 tua
871 1283 947 1326 cunr
971 1262 1142 1342 industria,
1156 1270 1226 1330 tum

131 1365 283 1430 celeritas
297 1367 330 1437 in
344 1364 514 1443 discendo,
536 1370 573 1428 ut
585 1370 699 1448 quarto
713 1371 745 1429 et
765 1365 893 1428 decimo
914 1365 986 1450 jam
1002 1366 1113 1429 artatis
1127 1385 1226 1444 anno,

132 1484 196 1548 quo
210 1465 314 1529 ceteri
336 1467 436 1529 obvia
460 1487 603 1550 quaeque
626 1472 658 1529 et
682 1465 876 1548 quotidiana
895 1466 954 1529 vix
978 1473 1106 1545 norunt,
1120 1467 1229 1532 multi·

131 1564 211 1648 plici
224 1565 406 1629 eruditione
421 1571 571 1648 praestes.
597 1564 673 1643 Quo
690 1568 799 1629 minus
815 1566 850 1628 iu
865 1565 978 1630 Gallia
992 1568 1093 1631 miror
1108 1569 1227 1632 artium

131 1666 317 1730 liberalium
333 1666 579 1749 studiuvigere3
595 1671 629 1729 et
642 1667 704 1730 lroc
719 1686 818 1728 uuum
831 1665 902 1748 jam
917 1667 1052 1730 studere
1062 1666 1228 1732 Gallicam

133 1764 365 1843 Nobilitatcm,
380 1773 416 1830 nt
439 1767 592 1849 exemplo
616 1773 673 1830 tuo
697 1765 818 1830 discut
864 1765 910 1830 Ut
924 1769 1011 1830 enim
1024 1770 1164 1852 quisque
1178 1771 1229 1833 Te

133 1869 283 1951 pmxime
313 1867 464 1932 doctrina
478 1870 629 1949 attinget,
644 1869 735 1931 itaet
749 1866 828 1931 Tibi
843 1869 1065 1950 proculdubio
1081 1871 1230 1953 placebit

132 1969 278 2032 maxime
292 1969 506 2033 similitudine
521 1968 701 2034 studiorum
715 1975 814 2051 atque
828 1971 1045 2035 voluntatum.
1225 2055 1228 2060 Ι

176 2067 315 2134 Utinam
343 2073 450 2133 autem
480 2076 637 2153 qnantum
666 2071 731 2133 isto
760 2075 816 2132 tuo
844 2069 933 2134 sacto
961 2071 1062 2135 decus
1091 2073 1230 2140 attulisti

134 2171 247 2247 literis,
273 2176 398 2234 tantam
425 2191 475 2235 eae
496 2169 574 2234 Tibi
602 2171 741 2251 gratiam
766 2169 939 2235 referrent!
976 2171 1113 2251 Saltem,
1142 2177 1231 2259 quod

134 2277 272 2356 possunt
285 2293 397 2349 unum,
413 2271 559 2335 debitum
586 2289 607 2333 a
631 2289 668 2333 se
690 2269 815 2333 cultum
840 2275 875 2334 et
897 2269 1052 2335 bonorem
1068 2281 1231 2370 perpetua

135 2373 355 2438 tni'nominis
377 2378 412 2435 et
436 2378 562 2438 tuarum
589 2391 696 2438 rerum
719 2371 1001 2437 commendatione
1026 2376 1230 2456 persolvent:

137 2591 238 2655 geres,
255 2573 348 2655 quod
362 2592 426 2638 non
441 2572 536 2644 aride
550 2571 661 2636 statim
676 2577 850 2652 occupent.
897 2570 982 2649 Quae
999 2573 1133 2654 quidem
1146 2585 1233 2641 nrrnc

138 2675 336 2752 laedentia
356 2673 406 2743 Tu
430 2674 536 2738 multa
559 2678 654 2736 sunt:
676 2677 792 2736 natura
806 2672 925 2736 docilis
940 2674 1032 2752 etad
1049 2673 1234 2742 Mouren-

139 2791 239 2840 sunu
256 2773 406 2854 lingentis
420 2773 591 2838 arbitrium
607 2781 716 2838 tenera
741 2779 777 2837 et
799 2774 967 2851 flexibilis,
985 2777 1102 2859 integri
1120 2798 1247 2863 mores¹

137 2881 171 2941 et
196 2875 369 2952 amabiles,
393 2871 591 2940 Christiana
617 2873 754 2956 pietatis
775 2893 868 2937 amor
891 2881 926 2938 et
948 2875 1065 2952 cultus,
1094 2876 1234 2962 denique

140 2976 300 3042 adversus
324 2994 439 3041 ornnes
469 2995 597 3042 summa
624 2976 765 3041 comitas
794 2975 1038 3060 affabilitasque
1062 2982 1234 3044 sermonis.

140 3073 188 3142 At
209 3078 305 3158 longe
328 3075 468 3160 majora,
493 3096 568 3159 qnee
593 3075 774 3159 praedicent
792 3077 883 3153 olirn,
905 3097 981 3142 curn
1005 3077 1055 3142 Te
1069 3079 1186 3159 virum,
1201 3089 1249 3154 et

141 3181 353 3283 putemomrn
368 3177 573 3248 exercituum
585 3176 757 3302 ductorem
766 3178 930 3246 maturior
944 3183 1029 3246 aetas
1042 3181 1179 3256 tenerit,¹
1178 3203 1235 3248 ex·

143 3275 301 3360 pectant.
483 3375 485 3382 y

220 3605 223 3611 Ι
239 3529 344 3582 Lutetia
356 3530 504 3582 Parisiorum
516 3543 562 3585 xa.
573 3531 631 3584 Kal.
640 3531 698 3596 Apr.
711 3491 787 3602 ltltt.¹
