<?xml version="1.0" encoding="UTF-8"?>
<!DOCTYPE html PUBLIC "-//W3C//DTD XHTML 1.0 Transitional//EN"
    "http://www.w3.org/TR/xhtml1/DTD/xhtml1-transitional.dtd">
<html xmlns="http://www.w3.org/1999/xhtml" xml:lang="en" lang="en">
 <head>
  <title>
</title>
<meta http-equiv="Content-Type" content="text/html;charset=utf-8" />
  <meta name='ocr-system' content='tesseract 3.04.00' />
  <meta name='ocr-capabilities' content='ocr_page ocr_carea ocr_par ocr_line ocrx_word'/>
</head>
<body>
  <div class='ocr_page' id='page_1' title='image "./historiaromana00pategoog_0497.png"; bbox 0 0 2908 4856; ppageno 0'>
   <div class='ocr_carea' id='block_1_1' title="bbox 227 325 994 400">
    <p class='ocr_par' dir='ltr' id='par_1_1' title="bbox 227 325 994 400">
     <span class='ocr_line' id='line_1_1' title="bbox 227 325 994 400; baseline -0.02 1"><span class='ocrx_word' id='word_1_1' title='bbox 227 325 294 400; x_wconf 76' lang='grc'>490</span> <span class='ocrx_word' id='word_1_2' title='bbox 383 368 387 376; x_wconf 29' lang='grc' dir='ltr'>κ</span> <span class='ocrx_word' id='word_1_3' title='bbox 558 335 754 392; x_wconf 79' lang='lat' dir='ltr'>recessus</span> <span class='ocrx_word' id='word_1_4' title='bbox 778 335 994 391; x_wconf 80' lang='lat' dir='ltr'>unrrronun</span> 
     </span>
    </p>
   </div>
   <div class='ocr_carea' id='block_1_2' title="bbox 234 475 1357 4157">
    <p class='ocr_par' dir='ltr' id='par_1_2' title="bbox 267 475 1356 567">
     <span class='ocr_line' id='line_1_2' title="bbox 267 475 1356 567; baseline -0.007 -21"><span class='ocrx_word' id='word_1_5' title='bbox 267 487 380 567; x_wconf 73' lang='lat' dir='ltr'>tiquam</span> <span class='ocrx_word' id='word_1_6' title='bbox 402 483 566 564; x_wconf 70' lang='lat' dir='ltr'>religiosius</span> <span class='ocrx_word' id='word_1_7' title='bbox 586 485 747 556; x_wconf 81' lang='lat' dir='ltr'>reuocauit,</span> <span class='ocrx_word' id='word_1_8' title='bbox 765 481 959 562; x_wconf 68' lang='lat' dir='ltr'>religioseque</span> <span class='ocrx_word' id='word_1_9' title='bbox 978 477 1107 559; x_wconf 71' lang='lat' dir='ltr'>vestigiis</span> <span class='ocrx_word' id='word_1_10' title='bbox 1126 475 1279 538; x_wconf 77' lang='lat' dir='ltr'>lectionis</span> <span class='ocrx_word' id='word_1_11' title='bbox 1299 493 1356 538; x_wconf 76' lang='grc' dir='ltr'>ιι-</span> 
     </span>
    </p>

    <p class='ocr_par' dir='ltr' id='par_1_3' title="bbox 261 573 1355 662">
     <span class='ocr_line' id='line_1_3' title="bbox 261 573 1355 662; baseline -0.01 -18"><span class='ocrx_word' id='word_1_12' title='bbox 261 583 355 662; x_wconf 80' lang='lat' dir='ltr'>tiquae</span> <span class='ocrx_word' id='word_1_13' title='bbox 370 581 517 654; x_wconf 72' lang='lat' dir='ltr'>insistens,</span> <span class='ocrx_word' id='word_1_14' title='bbox 544 580 677 640; x_wconf 78' lang='lat' dir='ltr'>modeste</span> <span class='ocrx_word' id='word_1_15' title='bbox 693 579 787 640; x_wconf 86' lang='lat' dir='ltr'>bones</span> <span class='ocrx_word' id='word_1_16' title='bbox 801 580 1017 640; x_wconf 79' lang='lat' dir='ltr'>emendationes</span> <span class='ocrx_word' id='word_1_17' title='bbox 1031 587 1061 638; x_wconf 86' lang='lat' dir='ltr'>et</span> <span class='ocrx_word' id='word_1_18' title='bbox 1076 574 1187 636; x_wconf 85' lang='lat' dir='ltr'>doctas</span> <span class='ocrx_word' id='word_1_19' title='bbox 1204 573 1355 652; x_wconf 79' lang='lat' dir='ltr'>protulit,</span> 
     </span>
    </p>

    <p class='ocr_par' dir='ltr' id='par_1_4' title="bbox 268 669 1357 856">
     <span class='ocr_line' id='line_1_4' title="bbox 268 669 1357 760; baseline -0.009 -19"><span class='ocrx_word' id='word_1_20' title='bbox 268 679 479 760; x_wconf 70' lang='lat' dir='ltr'>scriptorisque</span> <span class='ocrx_word' id='word_1_21' title='bbox 493 677 623 740; x_wconf 74' lang='lat' dir='ltr'>verberet</span> <span class='ocrx_word' id='word_1_22' title='bbox 637 697 682 736; x_wconf 89' lang='lat' dir='ltr'>res</span> <span class='ocrx_word' id='word_1_23' title='bbox 697 677 819 738; x_wconf 80' lang='lat' dir='ltr'>traditas</span> <span class='ocrx_word' id='word_1_24' title='bbox 833 676 942 756; x_wconf 83' lang='lat' dir='ltr'>pessirn</span> <span class='ocrx_word' id='word_1_25' title='bbox 956 676 1030 736; x_wconf 89' lang='lat' dir='ltr'>bene</span> <span class='ocrx_word' id='word_1_26' title='bbox 1044 673 1203 754; x_wconf 70' lang='lat' dir='ltr'>explicuit.</span> <span class='ocrx_word' id='word_1_27' title='bbox 1225 669 1357 732; x_wconf 84' lang='lat' dir='ltr'>Prod&#39;n&#39;t</span> 
     </span>
     <span class='ocr_line' id='line_1_5' title="bbox 271 775 634 856; baseline -0.008 -18"><span class='ocrx_word' id='word_1_28' title='bbox 271 777 336 856; x_wconf 84' lang='lat' dir='ltr'>ejus</span> <span class='ocrx_word' id='word_1_29' title='bbox 350 776 441 836; x_wconf 89' lang='lat' dir='ltr'>editio</span> <span class='ocrx_word' id='word_1_30' title='bbox 456 778 512 836; x_wconf 88' lang='lat' dir='ltr'>boo</span> <span class='ocrx_word' id='word_1_31' title='bbox 527 775 634 836; x_wconf 87' lang='lat' dir='ltr'>titulo:</span> 
     </span>
    </p>

    <p class='ocr_par' dir='ltr' id='par_1_5' title="bbox 234 867 1357 1242">
     <span class='ocr_line' id='line_1_6' title="bbox 234 867 1356 948; baseline -0.004 -18"><span class='ocrx_word' id='word_1_32' title='bbox 234 873 313 943; x_wconf 77' lang='grc'><strong>1639</strong></span> <span class='ocrx_word' id='word_1_33' title='bbox 335 873 378 932; x_wconf 87' lang='grc' dir='ltr'>Μ.</span> <span class='ocrx_word' id='word_1_34' title='bbox 393 870 496 932; x_wconf 90' lang='lat' dir='ltr'>Velleii</span> <span class='ocrx_word' id='word_1_35' title='bbox 510 869 655 930; x_wconf 82' lang='lat' dir='ltr'>Paterculi</span> <span class='ocrx_word' id='word_1_36' title='bbox 675 867 805 928; x_wconf 79' lang='lat' dir='ltr'>historiae</span> <span class='ocrx_word' id='word_1_37' title='bbox 830 869 970 933; x_wconf 82' lang='lat' dir='ltr'>Romanae</span> <span class='ocrx_word' id='word_1_38' title='bbox 984 887 1052 948; x_wconf 79' lang='lat' dir='ltr'>quae</span> <span class='ocrx_word' id='word_1_39' title='bbox 1073 871 1252 945; x_wconf 83' lang='lat' dir='ltr'>supersunt,</span> <span class='ocrx_word' id='word_1_40' title='bbox 1282 881 1356 922; x_wconf 79' lang='lat' dir='ltr'>com</span> 
     </span>
     <span class='ocr_line' id='line_1_7' title="bbox 272 960 1356 1046; baseline -0.009 -18"><span class='ocrx_word' id='word_1_41' title='bbox 272 969 349 1030; x_wconf 91' lang='lat' dir='ltr'>notis</span> <span class='ocrx_word' id='word_1_42' title='bbox 364 967 493 1028; x_wconf 85' lang='lat' dir='ltr'>Gerardi</span> <span class='ocrx_word' id='word_1_43' title='bbox 508 967 604 1026; x_wconf 89' lang='lat' dir='ltr'>Vossii</span> <span class='ocrx_word' id='word_1_44' title='bbox 619 967 661 1026; x_wconf 90' lang='lat' dir='ltr'>G.</span> <span class='ocrx_word' id='word_1_45' title='bbox 676 967 709 1026; x_wconf 79' lang='lat' dir='ltr'>F.</span> <span class='ocrx_word' id='word_1_46' title='bbox 726 963 864 1046; x_wconf 74' lang='lat' dir='ltr'>Lugduni</span> <span class='ocrx_word' id='word_1_47' title='bbox 879 967 943 1026; x_wconf 82' lang='lat' dir='ltr'>liet.</span> <span class='ocrx_word' id='word_1_48' title='bbox 966 985 1003 1026; x_wconf 82' lang='lat' dir='ltr'>ex</span> <span class='ocrx_word' id='word_1_49' title='bbox 1015 963 1132 1026; x_wconf 84' lang='lat' dir='ltr'>officina</span> <span class='ocrx_word' id='word_1_50' title='bbox 1145 960 1356 1024; x_wconf 80' lang='lat' dir='ltr'>Elsevirians.</span> 
     </span>
     <span class='ocr_line' id='line_1_8' title="bbox 277 1059 1357 1144; baseline -0.009 -18"><span class='ocrx_word' id='word_1_51' title='bbox 277 1075 325 1130; x_wconf 82' lang='lat'>12.</span> <span class='ocrx_word' id='word_1_52' title='bbox 353 1066 430 1136; x_wconf 75' lang='lat' dir='ltr'>Ques</span> <span class='ocrx_word' id='word_1_53' title='bbox 443 1064 535 1128; x_wconf 91' lang='lat' dir='ltr'>editio</span> <span class='ocrx_word' id='word_1_54' title='bbox 548 1065 590 1124; x_wconf 85' lang='lat' dir='ltr'>ita</span> <span class='ocrx_word' id='word_1_55' title='bbox 605 1063 728 1144; x_wconf 79' lang='lat' dir='ltr'>placuit,</span> <span class='ocrx_word' id='word_1_56' title='bbox 745 1073 778 1124; x_wconf 90' lang='lat' dir='ltr'>ut</span> <span class='ocrx_word' id='word_1_57' title='bbox 791 1063 899 1143; x_wconf 70' lang='lat' dir='ltr'>sepius</span> <span class='ocrx_word' id='word_1_58' title='bbox 913 1063 943 1124; x_wconf 91' lang='lat' dir='ltr'>in</span> <span class='ocrx_word' id='word_1_59' title='bbox 957 1061 1058 1141; x_wconf 67' lang='lat' dir='ltr'>belgio</span> <span class='ocrx_word' id='word_1_60' title='bbox 1071 1071 1102 1124; x_wconf 91' lang='lat' dir='ltr'>et</span> <span class='ocrx_word' id='word_1_61' title='bbox 1117 1059 1295 1122; x_wconf 75' lang='lat' dir='ltr'>Germanis</span> <span class='ocrx_word' id='word_1_62' title='bbox 1308 1076 1357 1116; x_wconf 86' lang='lat' dir='ltr'>re·</span> 
     </span>
     <span class='ocr_line' id='line_1_9' title="bbox 275 1171 434 1242; baseline -0.013 -20"><span class='ocrx_word' id='word_1_63' title='bbox 275 1171 434 1242; x_wconf 88' lang='lat' dir='ltr'>peteretur.</span> 
     </span>
    </p>

    <p class='ocr_par' dir='ltr' id='par_1_6' title="bbox 278 1253 1356 1627">
     <span class='ocr_line' id='line_1_10' title="bbox 317 1253 1355 1335; baseline -0.006 -17"><span class='ocrx_word' id='word_1_64' title='bbox 317 1257 453 1320; x_wconf 83' lang='lat' dir='ltr'>vossium</span> <span class='ocrx_word' id='word_1_65' title='bbox 468 1257 564 1320; x_wconf 88' lang='lat' dir='ltr'>secuti</span> <span class='ocrx_word' id='word_1_66' title='bbox 578 1267 646 1318; x_wconf 87' lang='lat' dir='ltr'>snut</span> <span class='ocrx_word' id='word_1_67' title='bbox 659 1256 798 1328; x_wconf 76' lang='lat' dir='ltr'>editores,</span> <span class='ocrx_word' id='word_1_68' title='bbox 821 1255 871 1335; x_wconf 90' lang='lat' dir='ltr'>qni</span> <span class='ocrx_word' id='word_1_69' title='bbox 886 1255 1016 1334; x_wconf 84' lang='lat' dir='ltr'>priorum</span> <span class='ocrx_word' id='word_1_70' title='bbox 1029 1255 1209 1316; x_wconf 89' lang='lat' dir='ltr'>criticorum</span> <span class='ocrx_word' id='word_1_71' title='bbox 1223 1253 1355 1330; x_wconf 82' lang='lat' dir='ltr'>conjec-</span> 
     </span>
     <span class='ocr_line' id='line_1_11' title="bbox 279 1352 1356 1434; baseline -0.006 -18"><span class='ocrx_word' id='word_1_72' title='bbox 279 1355 351 1418; x_wconf 90' lang='lat' dir='ltr'>turis</span> <span class='ocrx_word' id='word_1_73' title='bbox 366 1355 404 1414; x_wconf 88' lang='lat' dir='ltr'>ad</span> <span class='ocrx_word' id='word_1_74' title='bbox 419 1365 532 1416; x_wconf 83' lang='lat' dir='ltr'>textum</span> <span class='ocrx_word' id='word_1_75' title='bbox 549 1354 650 1416; x_wconf 86' lang='lat' dir='ltr'>velleii</span> <span class='ocrx_word' id='word_1_76' title='bbox 665 1352 906 1416; x_wconf 88' lang='lat' dir='ltr'>constituendum</span> <span class='ocrx_word' id='word_1_77' title='bbox 920 1352 1101 1434; x_wconf 80' lang='lat' dir='ltr'>frequentius</span> <span class='ocrx_word' id='word_1_78' title='bbox 1116 1353 1164 1412; x_wconf 87' lang='lat' dir='ltr'>nsi</span> <span class='ocrx_word' id='word_1_79' title='bbox 1177 1359 1268 1422; x_wconf 53' lang='lat' dir='ltr'>euna</span> <span class='ocrx_word' id='word_1_80' title='bbox 1281 1368 1356 1430; x_wconf 84' lang='lat' dir='ltr'>qno-</span> 
     </span>
     <span class='ocr_line' id='line_1_12' title="bbox 278 1447 1352 1530; baseline -0.007 -16"><span class='ocrx_word' id='word_1_81' title='bbox 278 1472 342 1514; x_wconf 87' lang='lat' dir='ltr'>rum</span> <span class='ocrx_word' id='word_1_82' title='bbox 356 1451 443 1530; x_wconf 88' lang='lat' dir='ltr'>primi</span> <span class='ocrx_word' id='word_1_83' title='bbox 457 1450 577 1512; x_wconf 89' lang='lat' dir='ltr'>suerunt</span> <span class='ocrx_word' id='word_1_84' title='bbox 597 1452 645 1511; x_wconf 91' lang='lat' dir='ltr'>Jo.</span> <span class='ocrx_word' id='word_1_85' title='bbox 662 1451 753 1512; x_wconf 85' lang='lat' dir='ltr'>ilenr.</span> <span class='ocrx_word' id='word_1_86' title='bbox 770 1453 925 1514; x_wconf 89' lang='lat' dir='ltr'>Boeclerus</span> <span class='ocrx_word' id='word_1_87' title='bbox 946 1461 978 1512; x_wconf 89' lang='lat' dir='ltr'>et</span> <span class='ocrx_word' id='word_1_88' title='bbox 1002 1451 1068 1512; x_wconf 86' lang='lat' dir='ltr'>Nic.</span> <span class='ocrx_word' id='word_1_89' title='bbox 1097 1449 1255 1510; x_wconf 80' lang='lat' dir='ltr'>Heinsius.</span> <span class='ocrx_word' id='word_1_90' title='bbox 1299 1447 1352 1506; x_wconf 87' lang='lat' dir='ltr'>llle</span> 
     </span>
     <span class='ocr_line' id='line_1_13' title="bbox 278 1548 977 1627; baseline 0.001 -18"><span class='ocrx_word' id='word_1_91' title='bbox 278 1548 396 1627; x_wconf 88' lang='lat' dir='ltr'>quidem</span> <span class='ocrx_word' id='word_1_92' title='bbox 412 1548 491 1627; x_wconf 80' lang='lat' dir='ltr'>typis</span> <span class='ocrx_word' id='word_1_93' title='bbox 507 1548 634 1610; x_wconf 78' lang='lat' dir='ltr'>exscribi</span> <span class='ocrx_word' id='word_1_94' title='bbox 647 1549 763 1610; x_wconf 86' lang='lat' dir='ltr'>curauit</span> <span class='ocrx_word' id='word_1_95' title='bbox 778 1548 977 1610; x_wconf 87' lang='lat' dir='ltr'>Paterculum.</span> 
     </span>
    </p>

    <p class='ocr_par' dir='ltr' id='par_1_7' title="bbox 241 1641 1353 2698">
     <span class='ocr_line' id='line_1_14' title="bbox 241 1641 1353 1725; baseline -0.003 -21"><span class='ocrx_word' id='word_1_96' title='bbox 241 1641 318 1708; x_wconf 72' lang='lat'><strong>16⁴2</strong></span> <span class='ocrx_word' id='word_1_97' title='bbox 340 1645 537 1724; x_wconf 75' lang='lat' dir='ltr'>Argentorati.</span> <span class='ocrx_word' id='word_1_98' title='bbox 561 1652 590 1706; x_wconf 85' lang='grc'>8.</span> <span class='ocrx_word' id='word_1_99' title='bbox 614 1665 683 1706; x_wconf 88' lang='lat' dir='ltr'>cum</span> <span class='ocrx_word' id='word_1_100' title='bbox 698 1645 776 1706; x_wconf 76' lang='lat' dir='ltr'>nous</span> <span class='ocrx_word' id='word_1_101' title='bbox 790 1646 898 1725; x_wconf 91' lang='lat' dir='ltr'>partim</span> <span class='ocrx_word' id='word_1_102' title='bbox 913 1647 1003 1706; x_wconf 81' lang='lat' dir='ltr'>verbs</span> <span class='ocrx_word' id='word_1_103' title='bbox 1015 1655 1047 1706; x_wconf 84' lang='lat' dir='ltr'>et</span> <span class='ocrx_word' id='word_1_104' title='bbox 1060 1661 1107 1704; x_wconf 89' lang='lat' dir='ltr'>res</span> <span class='ocrx_word' id='word_1_105' title='bbox 1120 1643 1353 1712; x_wconf 71' lang='lat' dir='ltr'>illustrantibus,</span> 
     </span>
     <span class='ocr_line' id='line_1_15' title="bbox 278 1743 1353 1825; baseline -0.003 -21"><span class='ocrx_word' id='word_1_106' title='bbox 278 1745 383 1823; x_wconf 78' lang='lat' dir='ltr'>partiar</span> <span class='ocrx_word' id='word_1_107' title='bbox 397 1755 550 1825; x_wconf 78' lang='lat' dir='ltr'>praecepte</span> <span class='ocrx_word' id='word_1_108' title='bbox 560 1745 627 1806; x_wconf 82' lang='lat' dir='ltr'>viter</span> <span class='ocrx_word' id='word_1_109' title='bbox 638 1756 667 1806; x_wconf 89' lang='lat' dir='ltr'>et</span> <span class='ocrx_word' id='word_1_110' title='bbox 680 1745 753 1806; x_wconf 91' lang='lat' dir='ltr'>artis</span> <span class='ocrx_word' id='word_1_111' title='bbox 767 1746 859 1806; x_wconf 88' lang='lat' dir='ltr'>civilis</span> <span class='ocrx_word' id='word_1_112' title='bbox 872 1745 1095 1814; x_wconf 83' lang='lat' dir='ltr'>exhibentibus,</span> <span class='ocrx_word' id='word_1_113' title='bbox 1112 1763 1172 1804; x_wconf 84' lang='lat' dir='ltr'>ursa</span> <span class='ocrx_word' id='word_1_114' title='bbox 1188 1763 1264 1802; x_wconf 87' lang='lat' dir='ltr'>curn</span> <span class='ocrx_word' id='word_1_115' title='bbox 1278 1743 1353 1802; x_wconf 78' lang='lat' dir='ltr'>Cbs·</span> 
     </span>
     <span class='ocr_line' id='line_1_16' title="bbox 279 1839 1353 1921; baseline -0.002 -19"><span class='ocrx_word' id='word_1_116' title='bbox 279 1840 441 1904; x_wconf 84' lang='lat' dir='ltr'>racteribus</span> <span class='ocrx_word' id='word_1_117' title='bbox 467 1841 596 1921; x_wconf 86' lang='lat' dir='ltr'>politicis</span> <span class='ocrx_word' id='word_1_118' title='bbox 617 1850 648 1902; x_wconf 90' lang='lat' dir='ltr'>et</span> <span class='ocrx_word' id='word_1_119' title='bbox 672 1841 750 1902; x_wconf 82' lang='lat' dir='ltr'>Dies.</span> <span class='ocrx_word' id='word_1_120' title='bbox 765 1843 805 1904; x_wconf 92' lang='lat' dir='ltr'>de</span> <span class='ocrx_word' id='word_1_121' title='bbox 828 1841 993 1914; x_wconf 80' lang='lat' dir='ltr'>Amnestin,</span> <span class='ocrx_word' id='word_1_122' title='bbox 1016 1845 1226 1919; x_wconf 66' lang='lat' dir='ltr'>necnonjonm</span> <span class='ocrx_word' id='word_1_123' title='bbox 1247 1839 1353 1901; x_wconf 89' lang='lat' dir='ltr'>lndioe</span> 
     </span>
     <span class='ocr_line' id='line_1_17' title="bbox 279 1936 1353 2017; baseline -0.001 -20"><span class='ocrx_word' id='word_1_124' title='bbox 279 1955 377 1998; x_wconf 90' lang='lat' dir='ltr'>rerum</span> <span class='ocrx_word' id='word_1_125' title='bbox 391 1945 422 1998; x_wconf 92' lang='lat' dir='ltr'>et</span> <span class='ocrx_word' id='word_1_126' title='bbox 436 1937 603 1998; x_wconf 73' lang='lat' dir='ltr'>Latinitatis</span> <span class='ocrx_word' id='word_1_127' title='bbox 617 1936 655 1999; x_wconf 85' lang='lat' dir='ltr'>ab</span> <span class='ocrx_word' id='word_1_128' title='bbox 669 1938 736 2017; x_wconf 92' lang='lat' dir='ltr'>ipso</span> <span class='ocrx_word' id='word_1_129' title='bbox 749 1936 897 2008; x_wconf 82' lang='lat' dir='ltr'>confecto,</span> <span class='ocrx_word' id='word_1_130' title='bbox 913 1939 964 2016; x_wconf 89' lang='lat' dir='ltr'>qui</span> <span class='ocrx_word' id='word_1_131' title='bbox 979 1937 1070 1998; x_wconf 84' lang='lat' dir='ltr'>instar</span> <span class='ocrx_word' id='word_1_132' title='bbox 1092 1938 1132 1998; x_wconf 86' lang='lat' dir='ltr'>sit</span> <span class='ocrx_word' id='word_1_133' title='bbox 1157 1936 1263 1998; x_wconf 75' lang='lat' dir='ltr'>Clanis</span> <span class='ocrx_word' id='word_1_134' title='bbox 1287 1937 1353 1996; x_wconf 80' lang='lat' dir='ltr'>l&#39;el·</span> 
     </span>
     <span class='ocr_line' id='line_1_18' title="bbox 278 2033 1351 2114; baseline 0 -20"><span class='ocrx_word' id='word_1_135' title='bbox 278 2033 392 2096; x_wconf 78' lang='lat' dir='ltr'>leianae.</span> <span class='ocrx_word' id='word_1_136' title='bbox 425 2035 562 2114; x_wconf 80' lang='lat' dir='ltr'>Repetite</span> <span class='ocrx_word' id='word_1_137' title='bbox 576 2043 623 2094; x_wconf 87' lang='lat' dir='ltr'>est</span> <span class='ocrx_word' id='word_1_138' title='bbox 637 2035 701 2096; x_wconf 79' lang='lat' dir='ltr'>brec</span> <span class='ocrx_word' id='word_1_139' title='bbox 710 2033 802 2096; x_wconf 87' lang='lat' dir='ltr'>editio</span> <span class='ocrx_word' id='word_1_140' title='bbox 816 2033 889 2094; x_wconf 89' lang='lat' dir='ltr'>ibid.</span> <span class='ocrx_word' id='word_1_141' title='bbox 908 2033 995 2096; x_wconf 78' lang='grc'><strong>1663.</strong></span> <span class='ocrx_word' id='word_1_142' title='bbox 1010 2044 1042 2097; x_wconf 90' lang='lat' dir='ltr'>et</span> <span class='ocrx_word' id='word_1_143' title='bbox 1057 2033 1146 2096; x_wconf 74' lang='lat'>1682.</span> <span class='ocrx_word' id='word_1_144' title='bbox 1158 2033 1216 2094; x_wconf 91' lang='lat' dir='ltr'>sed</span> <span class='ocrx_word' id='word_1_145' title='bbox 1232 2034 1351 2094; x_wconf 88' lang='lat' dir='ltr'>omissis</span> 
     </span>
     <span class='ocr_line' id='line_1_19' title="bbox 283 2131 1353 2212; baseline 0.001 -21"><span class='ocrx_word' id='word_1_146' title='bbox 283 2131 328 2202; x_wconf 86' lang='lat' dir='ltr'>iis,</span> <span class='ocrx_word' id='word_1_147' title='bbox 344 2131 452 2210; x_wconf 88' lang='lat' dir='ltr'>quibus</span> <span class='ocrx_word' id='word_1_148' title='bbox 465 2133 647 2194; x_wconf 78' lang='lat' dir='ltr'>redundabat</span> <span class='ocrx_word' id='word_1_149' title='bbox 661 2134 752 2211; x_wconf 87' lang='lat' dir='ltr'>prior,</span> <span class='ocrx_word' id='word_1_150' title='bbox 772 2141 802 2191; x_wconf 92' lang='lat' dir='ltr'>et</span> <span class='ocrx_word' id='word_1_151' title='bbox 816 2141 910 2203; x_wconf 81' lang='lat' dir='ltr'>testu,</span> <span class='ocrx_word' id='word_1_152' title='bbox 930 2141 964 2192; x_wconf 93' lang='lat' dir='ltr'>nt</span> <span class='ocrx_word' id='word_1_153' title='bbox 976 2151 1038 2212; x_wconf 81' lang='lat' dir='ltr'>prae</span> <span class='ocrx_word' id='word_1_154' title='bbox 1052 2151 1083 2192; x_wconf 87' lang='lat' dir='ltr'>se</span> <span class='ocrx_word' id='word_1_155' title='bbox 1097 2132 1215 2192; x_wconf 80' lang='lat' dir='ltr'>serebat</span> <span class='ocrx_word' id='word_1_156' title='bbox 1229 2133 1353 2192; x_wconf 82' lang='lat' dir='ltr'>Boecle·</span> 
     </span>
     <span class='ocr_line' id='line_1_20' title="bbox 281 2227 1351 2308; baseline 0.001 -21"><span class='ocrx_word' id='word_1_157' title='bbox 281 2247 342 2298; x_wconf 85' lang='lat' dir='ltr'>rus,</span> <span class='ocrx_word' id='word_1_158' title='bbox 367 2227 476 2307; x_wconf 90' lang='lat' dir='ltr'>puriori</span> <span class='ocrx_word' id='word_1_159' title='bbox 489 2250 497 2296; x_wconf 85' lang='lat'>;</span> <span class='ocrx_word' id='word_1_160' title='bbox 524 2229 553 2287; x_wconf 93' lang='lat' dir='ltr'>in</span> <span class='ocrx_word' id='word_1_161' title='bbox 579 2248 639 2308; x_wconf 88' lang='lat' dir='ltr'>quo</span> <span class='ocrx_word' id='word_1_162' title='bbox 666 2227 871 2288; x_wconf 85' lang='lat' dir='ltr'>constituendo</span> <span class='ocrx_word' id='word_1_163' title='bbox 896 2227 1098 2307; x_wconf 88' lang='lat' dir='ltr'>recipiendum</span> <span class='ocrx_word' id='word_1_164' title='bbox 1128 2249 1196 2288; x_wconf 87' lang='lat' dir='ltr'>esse</span> <span class='ocrx_word' id='word_1_165' title='bbox 1220 2230 1351 2307; x_wconf 76' lang='lat' dir='ltr'>putarit,</span> 
     </span>
     <span class='ocr_line' id='line_1_21' title="bbox 282 2323 1353 2405; baseline 0.004 -23"><span class='ocrx_word' id='word_1_166' title='bbox 282 2323 425 2405; x_wconf 83' lang='lat' dir='ltr'>quicquid</span> <span class='ocrx_word' id='word_1_167' title='bbox 440 2325 510 2386; x_wconf 90' lang='lat' dir='ltr'>boni</span> <span class='ocrx_word' id='word_1_168' title='bbox 524 2336 556 2386; x_wconf 90' lang='lat' dir='ltr'>et</span> <span class='ocrx_word' id='word_1_169' title='bbox 570 2325 629 2386; x_wconf 86' lang='lat' dir='ltr'>veri</span> <span class='ocrx_word' id='word_1_170' title='bbox 640 2345 660 2385; x_wconf 84' lang='lat' dir='ltr'>u</span> <span class='ocrx_word' id='word_1_171' title='bbox 672 2325 821 2405; x_wconf 86' lang='lat' dir='ltr'>prioribus</span> <span class='ocrx_word' id='word_1_172' title='bbox 835 2325 998 2388; x_wconf 87' lang='lat' dir='ltr'>editoribus</span> <span class='ocrx_word' id='word_1_173' title='bbox 1012 2325 1051 2386; x_wconf 84' lang='lat' dir='ltr'>sd</span> <span class='ocrx_word' id='word_1_174' title='bbox 1065 2323 1201 2387; x_wconf 73' lang='lat' dir='ltr'>mnenda</span> <span class='ocrx_word' id='word_1_175' title='bbox 1216 2325 1289 2386; x_wconf 82' lang='lat' dir='ltr'>vitis</span> <span class='ocrx_word' id='word_1_176' title='bbox 1304 2345 1353 2386; x_wconf 87' lang='lat' dir='ltr'>eo-</span> 
     </span>
     <span class='ocr_line' id='line_1_22' title="bbox 283 2419 1351 2501; baseline 0.005 -23"><span class='ocrx_word' id='word_1_177' title='bbox 283 2419 360 2480; x_wconf 89' lang='lat' dir='ltr'>dicis</span> <span class='ocrx_word' id='word_1_178' title='bbox 373 2432 405 2484; x_wconf 93' lang='lat' dir='ltr'>et</span> <span class='ocrx_word' id='word_1_179' title='bbox 419 2422 557 2484; x_wconf 88' lang='lat' dir='ltr'>editionis</span> <span class='ocrx_word' id='word_1_180' title='bbox 581 2442 625 2501; x_wconf 92' lang='lat' dir='ltr'>pr.</span> <span class='ocrx_word' id='word_1_181' title='bbox 642 2422 792 2501; x_wconf 87' lang='lat' dir='ltr'>prolatum</span> <span class='ocrx_word' id='word_1_182' title='bbox 812 2441 877 2483; x_wconf 89' lang='lat' dir='ltr'>esse</span> <span class='ocrx_word' id='word_1_183' title='bbox 891 2422 948 2482; x_wconf 86' lang='lat' dir='ltr'>eibi</span> <span class='ocrx_word' id='word_1_184' title='bbox 970 2421 1137 2482; x_wconf 83' lang='lat' dir='ltr'>ridebatur.</span> <span class='ocrx_word' id='word_1_185' title='bbox 1178 2423 1292 2501; x_wconf 76' lang='lat' dir='ltr'>ltaque</span> <span class='ocrx_word' id='word_1_186' title='bbox 1313 2421 1351 2483; x_wconf 89' lang='lat' dir='ltr'>sb</span> 
     </span>
     <span class='ocr_line' id='line_1_23' title="bbox 284 2517 1350 2602; baseline 0.006 -26"><span class='ocrx_word' id='word_1_187' title='bbox 284 2519 431 2592; x_wconf 86' lang='lat' dir='ltr'>omnibus,</span> <span class='ocrx_word' id='word_1_188' title='bbox 445 2525 476 2598; x_wconf 85' lang='lat' dir='ltr'>(s</span> <span class='ocrx_word' id='word_1_189' title='bbox 491 2521 592 2601; x_wconf 87' lang='lat' dir='ltr'>Lipsio</span> <span class='ocrx_word' id='word_1_190' title='bbox 606 2521 693 2602; x_wconf 70' lang='lat' dir='ltr'>longe</span> <span class='ocrx_word' id='word_1_191' title='bbox 703 2520 814 2600; x_wconf 88' lang='lat' dir='ltr'>plure,)</span> <span class='ocrx_word' id='word_1_192' title='bbox 826 2539 1036 2598; x_wconf 86' lang='lat' dir='ltr'>nonnunquam</span> <span class='ocrx_word' id='word_1_193' title='bbox 1046 2518 1132 2580; x_wconf 87' lang='lat' dir='ltr'>nimis</span> <span class='ocrx_word' id='word_1_194' title='bbox 1138 2517 1281 2592; x_wconf 84' lang='lat' dir='ltr'>fidenter,</span> <span class='ocrx_word' id='word_1_195' title='bbox 1296 2539 1350 2582; x_wconf 78' lang='lat' dir='ltr'>nee</span> 
     </span>
     <span class='ocr_line' id='line_1_24' title="bbox 284 2615 1350 2698; baseline 0.003 -22"><span class='ocrx_word' id='word_1_196' title='bbox 284 2615 540 2680; x_wconf 85' lang='lat' dir='ltr'>critico-acumine</span> <span class='ocrx_word' id='word_1_197' title='bbox 555 2619 675 2693; x_wconf 90' lang='lat' dir='ltr'>ductus,</span> <span class='ocrx_word' id='word_1_198' title='bbox 690 2619 813 2698; x_wconf 84' lang='lat' dir='ltr'>recepit.</span> <span class='ocrx_word' id='word_1_199' title='bbox 840 2620 907 2697; x_wconf 86' lang='lat' dir='ltr'>Ipse</span> <span class='ocrx_word' id='word_1_200' title='bbox 918 2618 1095 2698; x_wconf 68' lang='lat' dir='ltr'>munimime</span> <span class='ocrx_word' id='word_1_201' title='bbox 1108 2617 1199 2678; x_wconf 87' lang='lat' dir='ltr'>modo</span> <span class='ocrx_word' id='word_1_202' title='bbox 1213 2617 1350 2679; x_wconf 75' lang='lat' dir='ltr'>tentarit.</span> 
     </span>
    </p>

    <p class='ocr_par' dir='ltr' id='par_1_8' title="bbox 287 2713 1351 3083">
     <span class='ocr_line' id='line_1_25' title="bbox 326 2713 1351 2793; baseline 0.003 -20"><span class='ocrx_word' id='word_1_203' title='bbox 326 2713 403 2782; x_wconf 80' lang='lat' dir='ltr'>Quae</span> <span class='ocrx_word' id='word_1_204' title='bbox 419 2715 642 2793; x_wconf 85' lang='lat' dir='ltr'>subsequuntur</span> <span class='ocrx_word' id='word_1_205' title='bbox 655 2715 800 2776; x_wconf 86' lang='lat' dir='ltr'>editiones</span> <span class='ocrx_word' id='word_1_206' title='bbox 822 2734 917 2792; x_wconf 86' lang='lat' dir='ltr'>nsque</span> <span class='ocrx_word' id='word_1_207' title='bbox 931 2713 970 2774; x_wconf 93' lang='lat' dir='ltr'>ad</span> <span class='ocrx_word' id='word_1_208' title='bbox 985 2714 1175 2774; x_wconf 83' lang='lat' dir='ltr'>Heinsianam</span> <span class='ocrx_word' id='word_1_209' title='bbox 1191 2713 1283 2786; x_wconf 82' lang='grc'><strong>1678.</strong></span> <span class='ocrx_word' id='word_1_210' title='bbox 1308 2714 1351 2776; x_wconf 81' lang='lat' dir='ltr'>rel</span> 
     </span>
     <span class='ocr_line' id='line_1_26' title="bbox 287 2809 1351 2890; baseline 0.008 -26"><span class='ocrx_word' id='word_1_211' title='bbox 287 2826 322 2864; x_wconf 82' lang='lat' dir='ltr'>err</span> <span class='ocrx_word' id='word_1_212' title='bbox 337 2809 577 2872; x_wconf 86' lang='lat' dir='ltr'>antecedentibus</span> <span class='ocrx_word' id='word_1_213' title='bbox 593 2812 725 2890; x_wconf 68' lang='lat' dir='ltr'>repetito</span> <span class='ocrx_word' id='word_1_214' title='bbox 738 2821 817 2884; x_wconf 83' lang='lat' dir='ltr'>sunt,</span> <span class='ocrx_word' id='word_1_215' title='bbox 839 2812 884 2872; x_wconf 86' lang='lat' dir='ltr'>vel</span> <span class='ocrx_word' id='word_1_216' title='bbox 899 2811 923 2870; x_wconf 86' lang='lat' dir='ltr'>si</span> <span class='ocrx_word' id='word_1_217' title='bbox 937 2811 1004 2872; x_wconf 86' lang='lat' dir='ltr'>noui</span> <span class='ocrx_word' id='word_1_218' title='bbox 1018 2809 1090 2889; x_wconf 87' lang='lat' dir='ltr'>qnid</span> <span class='ocrx_word' id='word_1_219' title='bbox 1114 2811 1145 2870; x_wconf 93' lang='lat' dir='ltr'>in</span> <span class='ocrx_word' id='word_1_220' title='bbox 1167 2810 1202 2870; x_wconf 87' lang='lat' dir='ltr'>iis</span> <span class='ocrx_word' id='word_1_221' title='bbox 1217 2811 1351 2884; x_wconf 80' lang='lat' dir='ltr'>ebatum,</span> 
     </span>
     <span class='ocr_line' id='line_1_27' title="bbox 287 2902 1349 2988; baseline 0.005 -24"><span class='ocrx_word' id='word_1_222' title='bbox 287 2902 361 2964; x_wconf 89' lang='lat' dir='ltr'>nibil</span> <span class='ocrx_word' id='word_1_223' title='bbox 383 2911 480 2966; x_wconf 85' lang='lat' dir='ltr'>tamen</span> <span class='ocrx_word' id='word_1_224' title='bbox 502 2927 539 2968; x_wconf 87' lang='lat' dir='ltr'>eo</span> <span class='ocrx_word' id='word_1_225' title='bbox 562 2909 601 2970; x_wconf 86' lang='lat' dir='ltr'>ed</span> <span class='ocrx_word' id='word_1_226' title='bbox 616 2907 861 2981; x_wconf 83' lang='lat' dir='ltr'>emendationem,</span> <span class='ocrx_word' id='word_1_227' title='bbox 881 2909 920 2970; x_wconf 83' lang='lat' dir='ltr'>sd</span> <span class='ocrx_word' id='word_1_228' title='bbox 942 2907 1210 2987; x_wconf 80' lang='lat' dir='ltr'>interpretationem</span> <span class='ocrx_word' id='word_1_229' title='bbox 1234 2927 1349 2988; x_wconf 80' lang='lat' dir='ltr'>peroro,</span> 
     </span>
     <span class='ocr_line' id='line_1_28' title="bbox 289 3001 569 3083; baseline 0.011 -19"><span class='ocrx_word' id='word_1_230' title='bbox 289 3001 416 3083; x_wconf 81' lang='lat' dir='ltr'>proiecit</span> <span class='ocrx_word' id='word_1_231' title='bbox 428 3005 569 3067; x_wconf 86' lang='lat' dir='ltr'>Velleius.</span> 
     </span>
    </p>

    <p class='ocr_par' dir='ltr' id='par_1_9' title="bbox 250 3097 1349 3356">
     <span class='ocr_line' id='line_1_29' title="bbox 250 3097 1348 3174; baseline 0.005 -15"><span class='ocrx_word' id='word_1_232' title='bbox 250 3097 330 3160; x_wconf 74' lang='lat'>1644</span> <span class='ocrx_word' id='word_1_233' title='bbox 351 3101 386 3162; x_wconf 83' lang='lat' dir='ltr'>C.</span> <span class='ocrx_word' id='word_1_234' title='bbox 401 3101 503 3164; x_wconf 87' lang='lat' dir='ltr'>Velleii</span> <span class='ocrx_word' id='word_1_235' title='bbox 523 3103 671 3165; x_wconf 83' lang='lat' dir='ltr'>Paterculi</span> <span class='ocrx_word' id='word_1_236' title='bbox 685 3103 815 3166; x_wconf 83' lang='lat' dir='ltr'>bistoriee</span> <span class='ocrx_word' id='word_1_237' title='bbox 828 3105 970 3166; x_wconf 72' lang='lat' dir='ltr'>Romaene</span> <span class='ocrx_word' id='word_1_238' title='bbox 985 3103 1066 3164; x_wconf 92' lang='lat' dir='ltr'>Libri</span> <span class='ocrx_word' id='word_1_239' title='bbox 1079 3103 1150 3174; x_wconf 91' lang='lat' dir='ltr'>dno,</span> <span class='ocrx_word' id='word_1_240' title='bbox 1174 3121 1245 3164; x_wconf 89' lang='lat' dir='ltr'>cum</span> <span class='ocrx_word' id='word_1_241' title='bbox 1259 3123 1348 3166; x_wconf 86' lang='lat' dir='ltr'>snno-</span> 
     </span>
     <span class='ocr_line' id='line_1_30' title="bbox 289 3198 1349 3280; baseline 0.006 -24"><span class='ocrx_word' id='word_1_242' title='bbox 289 3198 449 3260; x_wconf 79' lang='lat' dir='ltr'>talionibus</span> <span class='ocrx_word' id='word_1_243' title='bbox 463 3200 571 3280; x_wconf 74' lang='lat' dir='ltr'>AEgidii</span> <span class='ocrx_word' id='word_1_244' title='bbox 585 3201 713 3262; x_wconf 74' lang='lat' dir='ltr'>lacerti.</span> <span class='ocrx_word' id='word_1_245' title='bbox 727 3201 851 3263; x_wconf 75' lang='lat' dir='ltr'>Paneiis.</span> <span class='ocrx_word' id='word_1_246' title='bbox 870 3200 1077 3264; x_wconf 80' lang='lat' dir='ltr'>ra-Nutttur</span> <span class='ocrx_word' id='word_1_247' title='bbox 1087 3201 1230 3260; x_wconf 86' lang='lat' dir='ltr'>momenti</span> <span class='ocrx_word' id='word_1_248' title='bbox 1244 3201 1349 3262; x_wconf 84' lang='lat' dir='ltr'>dieitur</span> 
     </span>
     <span class='ocr_line' id='line_1_31' title="bbox 291 3295 471 3356; baseline 0.022 -5"><span class='ocrx_word' id='word_1_249' title='bbox 291 3295 471 3356; x_wconf 87' lang='lat' dir='ltr'>Burmanno.</span> 
     </span>
    </p>

    <p class='ocr_par' dir='ltr' id='par_1_10' title="bbox 251 3385 1349 3562">
     <span class='ocr_line' id='line_1_32' title="bbox 251 3385 1349 3474; baseline 0.007 -25"><span class='ocrx_word' id='word_1_250' title='bbox 251 3385 329 3460; x_wconf 75' lang='lat'><strong>1647</strong></span> <span class='ocrx_word' id='word_1_251' title='bbox 352 3391 385 3452; x_wconf 90' lang='lat' dir='ltr'>ln</span> <span class='ocrx_word' id='word_1_252' title='bbox 400 3391 529 3456; x_wconf 76' lang='lat' dir='ltr'>historin</span> <span class='ocrx_word' id='word_1_253' title='bbox 542 3395 685 3454; x_wconf 61' lang='lat' dir='ltr'>Murano</span> <span class='ocrx_word' id='word_1_254' title='bbox 706 3393 858 3472; x_wconf 81' lang='lat' dir='ltr'>Epitomis.</span> <span class='ocrx_word' id='word_1_255' title='bbox 879 3392 1101 3468; x_wconf 76' lang='lat' dir='ltr'>Amatelodssri,</span> <span class='ocrx_word' id='word_1_256' title='bbox 1127 3399 1207 3474; x_wconf 84' lang='lat' dir='ltr'>apud</span> <span class='ocrx_word' id='word_1_257' title='bbox 1235 3397 1349 3457; x_wconf 81' lang='lat' dir='ltr'>Jansro·</span> 
     </span>
     <span class='ocr_line' id='line_1_33' title="bbox 289 3487 449 3562; baseline 0 -14"><span class='ocrx_word' id='word_1_258' title='bbox 289 3487 384 3562; x_wconf 86' lang='lat' dir='ltr'>nium,</span> <span class='ocrx_word' id='word_1_259' title='bbox 401 3488 449 3550; x_wconf 91' lang='grc'><strong>16.</strong></span> 
     </span>
    </p>

    <p class='ocr_par' dir='ltr' id='par_1_11' title="bbox 250 3570 1348 3750">
     <span class='ocr_line' id='line_1_34' title="bbox 250 3570 1348 3670; baseline 0.007 -25"><span class='ocrx_word' id='word_1_260' title='bbox 250 3619 291 3634; x_wconf 92' lang='lat'>·-</span> <span class='ocrx_word' id='word_1_261' title='bbox 302 3587 346 3646; x_wconf 83' lang='lat' dir='ltr'>Er</span> <span class='ocrx_word' id='word_1_262' title='bbox 360 3585 563 3649; x_wconf 83' lang='lat' dir='ltr'>emendatione</span> <span class='ocrx_word' id='word_1_263' title='bbox 575 3588 653 3650; x_wconf 79' lang='lat' dir='ltr'>lusti</span> <span class='ocrx_word' id='word_1_264' title='bbox 675 3570 778 3668; x_wconf 87' lang='lat' dir='ltr'>Lipsii.</span> <span class='ocrx_word' id='word_1_265' title='bbox 801 3589 928 3665; x_wconf 88' lang='lat' dir='ltr'>Parisiis,</span> <span class='ocrx_word' id='word_1_266' title='bbox 943 3589 1025 3670; x_wconf 85' lang='lat' dir='ltr'>opud</span> <span class='ocrx_word' id='word_1_267' title='bbox 1041 3591 1159 3651; x_wconf 78' lang='lat' dir='ltr'>uiduam</span> <span class='ocrx_word' id='word_1_268' title='bbox 1176 3591 1225 3652; x_wconf 88' lang='lat' dir='ltr'>Jo.</span> <span class='ocrx_word' id='word_1_269' title='bbox 1239 3591 1348 3653; x_wconf 74' lang='lat' dir='ltr'>libert.</span> 
     </span>
     <span class='ocr_line' id='line_1_35' title="bbox 293 3695 343 3750; baseline 0 -3"><span class='ocrx_word' id='word_1_270' title='bbox 293 3695 343 3750; x_wconf 81' lang='lat'>12.</span> 
     </span>
    </p>

    <p class='ocr_par' dir='ltr' id='par_1_12' title="bbox 252 3780 1349 3944">
     <span class='ocr_line' id='line_1_36' title="bbox 252 3780 1349 3863; baseline -0.002 -17"><span class='ocrx_word' id='word_1_271' title='bbox 252 3783 330 3856; x_wconf 77' lang='lat'>1649</span> <span class='ocrx_word' id='word_1_272' title='bbox 351 3783 431 3844; x_wconf 89' lang='lat' dir='ltr'>luter</span> <span class='ocrx_word' id='word_1_273' title='bbox 445 3780 575 3844; x_wconf 81' lang='lat' dir='ltr'>bistorire</span> <span class='ocrx_word' id='word_1_274' title='bbox 589 3782 675 3844; x_wconf 81' lang='lat' dir='ltr'>Rom.</span> <span class='ocrx_word' id='word_1_275' title='bbox 691 3783 856 3863; x_wconf 82' lang='lat' dir='ltr'>Epitonras,</span> <span class='ocrx_word' id='word_1_276' title='bbox 873 3783 971 3846; x_wconf 85' lang='lat' dir='ltr'>sNio.</span> <span class='ocrx_word' id='word_1_277' title='bbox 985 3784 1152 3845; x_wconf 86' lang='lat' dir='ltr'>Blancsrdo</span> <span class='ocrx_word' id='word_1_278' title='bbox 1165 3783 1262 3844; x_wconf 73' lang='lat' dir='ltr'>editus</span> <span class='ocrx_word' id='word_1_279' title='bbox 1278 3785 1349 3863; x_wconf 74' lang='lat' dir='ltr'>Log-</span> 
     </span>
     <span class='ocr_line' id='line_1_37' title="bbox 294 3879 514 3944; baseline 0.009 -4"><span class='ocrx_word' id='word_1_280' title='bbox 294 3879 365 3940; x_wconf 85' lang='lat' dir='ltr'>dutti</span> <span class='ocrx_word' id='word_1_281' title='bbox 379 3881 447 3944; x_wconf 83' lang='lat' dir='ltr'>Bet.</span> <span class='ocrx_word' id='word_1_282' title='bbox 466 3890 514 3944; x_wconf 71' lang='lat'>12.</span> 
     </span>
    </p>

    <p class='ocr_par' dir='ltr' id='par_1_13' title="bbox 255 3977 1350 4157">
     <span class='ocr_line' id='line_1_38' title="bbox 255 3977 1350 4058; baseline 0.001 -21"><span class='ocrx_word' id='word_1_283' title='bbox 255 3977 333 4039; x_wconf 77' lang='lat'>1653</span> <span class='ocrx_word' id='word_1_284' title='bbox 355 3979 398 4038; x_wconf 85' lang='lat' dir='ltr'>Ex</span> <span class='ocrx_word' id='word_1_285' title='bbox 418 3981 587 4043; x_wconf 89' lang='lat' dir='ltr'>recensione</span> <span class='ocrx_word' id='word_1_286' title='bbox 602 3979 733 4052; x_wconf 83' lang='lat' dir='ltr'>Gruteri‚</span> <span class='ocrx_word' id='word_1_287' title='bbox 752 3980 782 4039; x_wconf 92' lang='lat' dir='ltr'>in</span> <span class='ocrx_word' id='word_1_288' title='bbox 803 3980 894 4040; x_wconf 87' lang='lat' dir='ltr'>Tom.</span> <span class='ocrx_word' id='word_1_289' title='bbox 910 3995 935 4039; x_wconf 89' lang='lat' dir='ltr'>t.</span> <span class='ocrx_word' id='word_1_290' title='bbox 949 3978 1135 4058; x_wconf 84' lang='lat' dir='ltr'>Scriptorum</span> <span class='ocrx_word' id='word_1_291' title='bbox 1153 3978 1282 4040; x_wconf 84' lang='lat' dir='ltr'>birtorisr</span> <span class='ocrx_word' id='word_1_292' title='bbox 1296 3977 1350 4038; x_wconf 71' lang='lat' dir='ltr'>lic</span> 
     </span>
     <span class='ocr_line' id='line_1_39' title="bbox 294 4065 1258 4157; baseline 0.007 -26"><span class='ocrx_word' id='word_1_293' title='bbox 294 4091 387 4134; x_wconf 83' lang='lat' dir='ltr'>manee</span> <span class='ocrx_word' id='word_1_294' title='bbox 402 4075 465 4134; x_wconf 88' lang='lat' dir='ltr'>Let.</span> <span class='ocrx_word' id='word_1_295' title='bbox 482 4076 625 4147; x_wconf 68' lang='lat' dir='ltr'>Genese,</span> <span class='ocrx_word' id='word_1_296' title='bbox 641 4097 694 4157; x_wconf 89' lang='lat' dir='ltr'>per</span> <span class='ocrx_word' id='word_1_297' title='bbox 708 4079 786 4138; x_wconf 82' lang='lat' dir='ltr'>Sem.</span> <span class='ocrx_word' id='word_1_298' title='bbox 799 4077 925 4140; x_wconf 83' lang='lat' dir='ltr'>cboeet.</span> <span class='ocrx_word' id='word_1_299' title='bbox 941 4075 1002 4138; x_wconf 80' lang='lat' dir='ltr'>rot</span> <span class='ocrx_word' id='word_1_300' title='bbox 1254 4065 1258 4073; x_wconf 49' lang='lat'>¹</span> 
     </span>
    </p>
   </div>
   <div class='ocr_carea' id='block_1_3' title="bbox 0 0 1458 4856">
    <p class='ocr_par' dir='ltr' id='par_1_14' title="bbox 0 0 1458 4856">
     <span class='ocr_line' id='line_1_40' title="bbox 0 0 1458 4856; baseline 0 0"><span class='ocrx_word' id='word_1_301' title='bbox 0 0 1458 4856; x_wconf 95' lang='lat' dir='ltr'> </span> 
     </span>
    </p>
   </div>
  </div>
 </body>
</html>
