2908 4856
439 321 471 372 c.
497 319 649 369 vestan
676 307 903 371 rtrnucu'nr.
1157 309 1221 374 tut

164 465 254 532 ltodie
268 471 330 532 iera
355 469 490 550 neglecti,
514 489 611 549 neque
633 469 666 528 in·
689 469 799 530 sobolis
821 470 970 550 explicati.
1010 471 1222 552 literis‘igitur

164 565 274 629 Latinis
296 567 417 627 omniuo
440 565 515 626 b'cne'
532 564 697 630 consultum
720 565 755 625 iri
774 566 910 644 proiecto
925 567 1220 632 ridebatureditione

2 669 4 706 i
124 681 128 686 ·
163 683 240 724 nova
259 662 402 745 paranda,
425 663 455 722 iu
478 681 538 742 qua
557 669 656 722 textus
675 663 777 723 Valleii
796 683 832 724 ex
857 665 1036 744 optimorum
1051 666 1219 727 criticorum

162 760 350 844 conjecturis,
366 747 507 839 quantum
529 758 717 821 incudinum
737 762 866 821 omnium
883 760 1003 840 jactura
1027 763 1089 824 fieri
1109 773 1218 842 posset,

161 859 312 936 purgatior
332 866 362 917 ct
381 857 561 918 emendatior
581 855 773 926 exhibeatnrc
794 857 824 918 in
846 877 905 936 qua
930 858 1022 920 dictio
1035 859 1218 939 exquisitior,

161 973 229 1032 qna
241 973 452 1033 nonnunquam
473 951 649 1014 emendandi
672 953 799 1013 licentiae
823 952 921 1013 locum
936 954 1030 1025 dedit,
1043 954 1218 1028 vindicetur,

159 1059 189 1110 et
203 1070 240 1110 en
248 1050 475 1129 elegantioribus
485 1049 675 1128 scriptoribus
684 1048 827 1110 illustrata
837 1049 1031 1120 firmeturr'in
1043 1045 1105 1130 qua'
1115 1051 1220 1112 Velleii

161 1165 242 1207 meus
256 1155 285 1208 et
299 1167 421 1209 acumen
436 1148 477 1207 ob
491 1145 594 1206 oculos
604 1155 732 1225 ponatur
755 1155 785 1205 et
807 1146 988 1225 explicetur:
1011 1146 1040 1206 in
1055 1166 1115 1226 qua
1129 1148 1220 1227 serip-

158 1245 218 1304 tori
232 1265 301 1306 cnm
312 1245 375 1306 aliis
388 1265 484 1308 rerum
500 1253 680 1308 narratarum
707 1244 876 1305 auctoribus
900 1255 1070 1324 comparato
1093 1255 1123 1308 et
1145 1246 1219 1306 fides

158 1341 336 1401 concilietur
348 1342 558 1420 probeturque,
573 1359 679 1420 resque
694 1341 835 1402 Romanas
855 1341 1026 1414 lectoribus,
1048 1361 1097 1403 eas
1111 1342 1219 1404 intelli-

159 1437 307 1514 gentibus,
321 1436 440 1498 brevius
455 1446 615 1499 conmactoe
638 1436 840 1517 explanantur,
860 1438 907 1509 ils,
931 1458 999 1519 quae
1013 1437 1131 1500 aliunde
1145 1459 1217 1500 con·

157 1540 245 1604 stent,
260 1533 291 1593 in
303 1533 431 1596 medium
445 1535 578 1606 collatis;
600 1535 629 1594 in
656 1553 714 1613 qna
729 1554 765 1596 ex
780 1535 860 1596 omni
873 1535 1056 1614 antiquitatis
1071 1535 1216 1607 doctrina,

159 1648 228 1708 qnae
242 1631 340 1690 lucem
355 1631 522 1704 offundant,
537 1649 663 1709 quaeque
674 1630 750 1691 scire
769 1650 844 1710 opus
858 1630 907 1701 sit,
925 1649 960 1690 ea
971 1629 1067 1691 omnia
1080 1631 1217 1710 suppedi-

154 1733 272 1794 tentnr;
293 1725 322 1784 in
337 1745 398 1805 qua
408 1725 534 1804 denique
548 1723 771 1786 difficultatibus
786 1727 1000 1806 cujuscumque
1010 1727 1133 1807 generis,
1146 1749 1214 1813 quas

156 1821 261 1882 morari
275 1831 393 1900 possent
415 1822 546 1893 lectores,
561 1825 759 1884 succurratur.¹
800 1823 904 1886 Talem
923 1823 1080 1884 editionem
1093 1825 1217 1904 parabat

156 1918 223 1979 Jani
238 1917 363 1988 beatus;
385 1919 474 1996 cujus
499 1919 617 1998 vestigia
642 1920 671 1979 in
693 1938 783 1997 opere
807 1919 985 1998 perficiendo
1008 1923 1102 1999 sequi,
1117 1941 1216 1982 meum

157 2025 230 2088 erat,
260 2033 347 2094 quem
373 2023 406 2076 ut
430 2013 610 2095 assequerer,
639 2034 816 2094 magnopere
834 2014 1011 2076 studebam:
1050 2013 1216 2078 Praelationi

156 2111 317 2188 subjuncta
331 2120 420 2172 sunt:
445 2123 473 2174 l.
494 2111 643 2173 Addenda
660 2119 691 2172 et
708 2110 892 2190 corrigenda.
917 2119 947 2172 ἲ.
967 2110 1059 2171 Index
1072 2112 1102 2172 in
1116 2109 1214 2173 nota's.

151 2217 185 2271 -3,
206 2207 414 2286 Prolegomena
425 2207 464 2268 de
475 2207 577 2268 velleii
586 2208 656 2280 rita,
668 2207 765 2287 operis
776 2205 886 2279 indole,
898 2207 1013 2281 codice,
1022 2207 1214 2279 editionibus,

153 2308 212 2364 &a
226 2314 256 2365 4.
271 2306 340 2366 Car.
366 2303 817 2384 Morgenstemii'Commentatio
832 2303 934 2364 critica
949 2303 988 2363 de
1001 2302 1062 2364 fide
1077 2301 1216 2364 bist'orica
1259 2348 1260 2354 κ

153 2400 267 2462 Vellcii.
305 2401 446 2480 Sequitur
468 2409 567 2464 textus
591 2401 695 2462 Velleii
720 2406 787 2462 cnm
802 2399 993 2480 chronologia
1006 2399 1167 2479 marginali,
1182 2397 1221 2462 et'

153 2499 364 2560 commentario
376 2507 530 2579 perpetuo,
542 2498 697 2577 multiplici
706 2497 842 2559 doctrina
852 2499 952 2578 plano.
975 2498 1121 2557 volumen
1134 2499 1214 2557 elau·

153 2597 229 2658 dunt
241 2595 320 2656 Frid.
335 2595 444 2656 Herelii
470 2594 681 2658 annotationes
702 2594 812 2656 critica
826 2593 863 2653 ad
879 2593 1034 2666 vellelum,
1048 2595 1083 2658 ct'
1093 2591 1212 2654 ludices

152 2711 249 2753 rernm
264 2689 495 2752 memorabilium
508 2697 602 2772 atque
614 2690 790 2752 latinitatis.

115 2795 193 2853 taos
214 2788 379 2850 Krausiana
400 2787 512 2849 minor:
546 2790 582 2849 C.
608 2788 712 2849 velleii
734 2787 881 2849 Paterculi
906 2804 974 2868 quaa
998 2797 1154 2866 supersunt
1174 2807 1212 2848 ex

152 2885 280 2946 bistoriae
294 2887 381 2946 Rom.
397 2884 493 2947 Libris
508 2884 636 2946 duobus.
657 2885 766 2946 Denuo
777 2885 957 2963 recognovit,
971 2893 1003 2944 ct
1015 2905 1082 2944 cum
1098 2885 1211 2947 codicis

152 2992 185 3044 et
194 2981 330 3043 editionis
343 2981 445 3061 prima
459 2981 585 3043 lectione
598 2981 837 3061 conjecturisque
855 2980 984 3062 virorum
998 2981 1068 3041 Di).
1084 2981 1210 3052 selectis,

152 3096 265 3139 necnon
279 3077 431 3138 iudicibus
446 3079 476 3138 in
494 3077 662 3138 scholarum
683 3097 779 3148 usum,
801 3075 894 3136 edidit
914 3078 963 3137 lo.
988 3075 1097 3136 Christ.
1120 3076 1210 3136 Henr.

151 3177 276 3236 Kranae.
300 3173 418 3252 Lipsiae,
441 3174 580 3252 impensis
605 3175 641 3235 E.
666 3177 700 3235 B.
724 3171 927 3236 Scbwiclrerti.
953 3180 971 3233 8
993 3171 1141 3249 maj.-ln
1155 3176 1210 3233 bac

151 3271 288 3345 editione,
310 3269 374 3331 usui
394 3271 538 3348 juvenum
552 3271 708 3340 destinata,
724 3271 818 3330 editor
839 3267 950 3348 passim
967 3267 1083 3328 retinxit
1098 3278 1211 3330 textum

150 3370 288 3432 editionis
310 3366 439 3444 majoris,
461 3368 502 3429 ita
525 3377 560 3428 ut
581 3369 628 3428 vel
653 3367 804 3447 antiquans
818 3365 975 3426 lectionem
989 3376 1148 3439 revocaret,
1164 3368 1210 3427 vel

150 3466 270 3545 vestigia
293 3467 358 3544 ejus
385 3464 515 3544 pressius
536 3473 716 3544 sequeretur.
780 3462 909 3543 Singulis
931 3461 1042 3542 paginis
1066 3462 1210 3540 subjectas

150 3565 273 3636 notula,
287 3565 316 3623 in
332 3564 439 3643 quibus
453 3572 585 3643 receptae
598 3562 732 3624 lectionis
742 3569 879 3622 auctores
892 3561 1057 3632 laudantur.
1078 3561 1211 3621 Chrono-

150 3661 238 3739 logia,
254 3659 374 3739 margini
388 3659 534 3739 apposita,
555 3657 679 3721 subinde
693 3657 848 3720 emendata
862 3664 917 3717 est.
958 3657 1166 3733 Prolegomena
1182 3654 1209 3712 in

149 3765 267 3817 arctum
281 3764 446 3827 contracta,
459 3755 600 3834 novisque
614 3754 694 3816 curis
709 3755 859 3816 elaborata
874 3760 953 3814 sunt.
994 3749 1089 3811 ludici
1103 3749 1210 3810 Latini-

149 3852 217 3914 tatis
232 3851 351 3930 sdjecta
363 3849 574 3930 interpretatio.

186 3947 363 4029 [iltriusque
383 3947 472 4024 hujus
492 3955 522 4006 ct
546 3943 768 4006 Rubnlrenianae
782 3941 919 4006 editionis
933 3942 1018 4004 bonis
1031 3941 1061 4002 in
1076 3941 1208 4001 curanda

148 4064 224 4108 nora
238 4053 338 4105 nostra
351 4043 392 4104 lta
406 4043 451 4103 usi
463 4061 577 4114 sumus,
594 4052 627 4102 ut
645 4061 703 4101 non
719 4042 814 4102 solum
829 4039 937 4112 omnia,
952 4038 982 4099 in
997 4038 1105 4118 quibus
1119 4037 1209 4099 offen·

147 4143 233 4205 derat
246 4141 341 4202 editor
355 4139 540 4219 bipontinus,
556 4138 655 4202 saltem
671 4137 758 4197 nobis
769 4137 923 4202 offendisse
934 4135 1098 4206 uidebatur,
1114 4145 1207 4202 muta·

207 4239 295 4306 Delpb.
305 4240 330 4287 cl
350 4236 407 4289 Vua.
422 4237 486 4288 ctae.
681 4235 780 4288 Patere.
1088 4231 1142 4284 ili
