2948 4862
223 360 268 438 Β
624 377 919 438 cananaeum.

223 515 324 615 atqie
336 521 510 606 Curiones,
529 525 693 592 Antonios
708 523 929 611 Hmcosque.
974 525 1096 592 Contra
1116 527 1153 593 tn
1172 527 1316 596 uirorum

222 645 413 715 magnorum
428 629 581 712 pernimia
593 629 781 694 nouaclum
795 647 934 708 magnas
949 629 1096 706 dautes,
1108 629 1242 711 publice
1256 649 1317 715 pn.

80 753 83 760 ·
146 759 149 768 ·
222 732 375 808 telactas,
391 731 450 796 sed
467 731 568 796 etiam
583 731 739 808 mitiores,
762 730 865 796 animi
879 731 1113 794 humanitatem
1128 729 1318 798 etlibmait-

221 835 328 896 tatem
340 833 519 916 spirantes,
531 831 567 894 iu
581 831 693 895 lucem
707 833 883 914 protraxit.
928 829 1044 896 Mores
1059 837 1092 894 et
1102 829 1316 915 disciplinam

222 931 410 1026 Romauam
426 933 569 1009 luxuria,
592 933 745 1010 avaritia,
761 932 921 1014 potentiae
935 931 1119 996 insatiabili
1132 933 1316 1014 cupiditate

221 1043 421 1118 corruptam,
452 1032 593 1117 indeque
616 1034 778 1100 bellorum
800 1032 1012 1118 caediumque
1036 1033 1183 1098 ciuilium
1211 1033 1314 1113 mala,

220 1153 350 1199 summa
364 1155 441 1199 cum
456 1134 677 1200 detestatione
703 1133 866 1218 deplorat.
911 1135 995 1198 Pius
1017 1137 1158 1214 asterga
1170 1134 1314 1218 majores

219 1243 321 1322 atque
335 1243 508 1320 comatos,
522 1237 602 1322 pius
616 1253 695 1318 erga
706 1237 862 1320 patriam,
884 1235 962 1320 pius
976 1242 1009 1300 et
1021 1241 1134 1319 gratus
1148 1255 1227 1318 erga
1241 1256 1313 1301 om·

218 1359 288 1418 ues,
310 1341 370 1423 qui
391 1339 432 1404 de
453 1358 490 1404 se
503 1339 587 1404 bene
605 1345 698 1403 erant
711 1339 827 1418 meriti,
849 1339 1000 1420 inprimis
1022 1357 1100 1420 erga
1121 1335 1313 1420 Augustum

216 1437 465 1522 Tiberimque,
481 1439 540 1522 qui
554 1437 596 1503 ad
611 1438 751 1503 honores
765 1440 875 1522 ipsum
891 1444 1080 1503 evexerant.

260 1537 331 1617 Qui
345 1559 421 1604 cum
436 1539 538 1604 animi
553 1541 600 1622 pii
612 1542 760 1623 gratique
782 1559 858 1622 erga
883 1541 965 1612 bene
988 1539 1029 1604 de
1051 1539 1151 1604 uobis
1173 1542 1311 1608 meritos

217 1655 336 1706 sensus
348 1640 447 1708 facile
462 1662 524 1707 uos
538 1643 675 1726 arripiat
689 1641 733 1706 ad
746 1655 861 1706 eorum
875 1641 1123 1707 admirationem
1145 1641 1311 1708 studium-
1409 1641 1418 1650 '

216 1761 291 1826 que,
305 1750 344 1809 ut
358 1761 434 1808 cum
449 1743 541 1826 gravi
562 1741 683 1808 affectu
703 1743 737 1806 iu
755 1743 891 1808 laudem
910 1761 1023 1806 eorum
1038 1741 1148 1823 effusi,
1165 1743 1310 1811 extolla-

215 1862 375 1923 museus,
388 1845 473 1910 vitia
486 1865 600 1910 eorum
609 1851 720 1910 autem
734 1845 786 1908 vel
801 1849 983 1922 taceamus,
995 1843 1049 1908 vel
1064 1846 1309 1926 obumbremus,

214 1945 267 2011 vel
278 1945 362 2012 adeo
378 1965 620 2034 expurgemus3
642 1946 714 2011 fieri
729 1947 829 2026 solet,
852 1954 887 2011 ut
901 1947 939 2010 in'
949 1945 1156 2011 adulatorum
1170 1967 1311 2014 numero

213 2047 403 2114 habeamur.
447 2047 541 2113 Idem
557 2047 680 2114 accidit
696 2048 841 2126 Velleio,
866 2047 1085 2130 Imperatores
1110 2067 1203 2128 auos,
1227 2069 1309 2134 quo·

212 2168 283 2214 rum
306 2149 476 2216 nemean
498 2153 672 2216 obstrictus
694 2159 759 2227 est,
781 2149 997 2215 admiratione
1018 2159 1051 2215 et
1074 2150 1173 2215 laude
1191 2171 1308 2234 prose-

213 2253 339 2336 quenti.
384 2251 467 2316 lude
483 2251 574 2336 apud
585 2250 704 2315 doctos
718 2251 751 2314 iu
766 2251 975 2330 adulationis,
990 2257 1024 2315 et
1042 2250 1175 2334 quidem
1190 2252 1306 2336 abjec·
1383 2327 1389 2350 ἱ

212 2359 269 2432 tre,
282 2355 402 2420 crimen
416 2355 562 2431 incurrit,
586 2373 662 2418 cum
682 2353 821 2418 aliorum
834 2353 1034 2436 scriptorum
1050 2355 1230 2418 auctoritas
1243 2352 1306 2420 bos

211 2454 377 2533 Caesares,
392 2455 542 2538 inprimis
555 2453 724 2518 Tiberium
738 2455 875 2539 ejusque
895 2455 1032 2533 amicos,
1048 2473 1150 2538 quam
1164 2457 1304 2520 severis·

211 2555 295 2622 sime
310 2557 489 2632 notaverit.
534 2553 665 2620 Horum
679 2556 937 2639 vituperatorum
951 2554 1069 2620 Nostri
1084 2555 1237 2638 princeps
1251 2563 1304 2623 est

210 2654 241 2722 1.
257 2655 407 2740 Lipsius,
422 2662 455 2720 et
468 2656 501 2720 iu
516 2656 709 2738 praefatione
723 2656 803 2720 etin
824 2655 1163 2721 animadversionibus
1177 2657 1303 2740 passim

210 2777 289 2822 eum
312 2775 464 2840 carpens.
514 2755 646 2820 Primus
669 2761 786 2820 eontra
811 2756 883 2840 ejus
906 2755 1129 2822 defensionem
1152 2759 1302 2843 suscepit

209 2855 423 2924 Ruhnkenius
436 2857 472 2920 iu
486 2855 581 2938 praei.
597 2855 761 2920 Editiouis
776 2874 858 2934 suae,
873 2856 990 2921 deinde
1003 2859 1118 2944 majori
1131 2879 1206 2926 cum
1221 2879 1302 2927 cura

206 2955 393 3025 Jacobsius
413 2959 449 3021 iu
463 2955 634 3022 Versiouis
649 2957 835 3022 vernaculae
850 2957 971 3022 Velleil
983 2958 1185 3043 praefamine,
1208 2961 1300 3028 deui-

208 3079 274 3144 que
285 3081 385 3145 quam
400 3059 651 3143 diligentissime
667 3057 743 3123 Gar.
758 3055 1054 3141 Morgeusternius,
1070 3081 1137 3126 uua
1150 3083 1226 3128 cum
1239 3081 1300 3129 ex·

207 3161 318 3228 emine
332 3163 481 3228 locorum
504 3160 546 3226 de
572 3159 757 3224 adulatione
781 3169 1024 3244 suspectorum,
1051 3165 1086 3228 in
1109 3161 1297 3233 Commeat.

206 3263 324 3334 critica
337 3248 380 3328 de
393 3262 458 3328 tide
470 3261 626 3327 historica
638 3259 762 3326 Velleii
781 3263 823 3326 P.
838 3263 988 3346 inprimis
1003 3265 1044 3330 de
1058 3266 1248 3333 adulatione
1265 3269 1298 3333 ei

192 3365 349 3452 objecta,
364 3383 441 3451 qum
452 3363 599 3434 Editioni
607 3369 729 3428 uestrae
742 3363 861 3448 majori
873 3365 1015 3450 pra-fixa
1029 3373 1092 3434 est.

246 3467 287 3532 Iu
308 3466 465 3535 adulandi
491 3477 602 3534 autem
616 3467 765 3535 studium
785 3465 917 3536 Velleio
937 3469 1076 3556 vertitur
1092 3491 1158 3537 uon
1173 3471 1294 3551 solum,

204 3567 302 3656 quud-
320 3567 486 3648 Gmrares,
518 3569 654 3636 domum
676 3569 873 3654 Augustam,
897 3569 1136 3659 Caesarumque
1155 3575 1294 3654 amicita

202 3676 326 3756 praeter
336 3669 476 3762 alienun
490 3670 720 3737 historicorum
741 3669 852 3750 fidem,
864 3675 922 3756 qui
944 3674 1074 3740 illorum
1087 3677 1193 3741 malas
1209 3682 1296 3742 artes

200 3778 235 3838 et
254 3773 438 3858 nequitiam
451 3777 623 3849 testantur,
648 3773 700 3838 rel
723 3793 745 3838 a
767 3775 859 3840 vitiis
872 3776 1024 3842 humanis
1037 3778 1211 3857 immunes,
1227 3777 1294 3860 rel,

201 3881 362 3958 praetenta
374 3875 459 3960 ipsis
473 3873 527 3940 bis
535 3874 626 3938 vitiis
636 3875 769 3941 bonesti
780 3878 908 3960 specie,
919 3880 1062 3944 bumana
1071 3881 1294 3962 natumlonqu

202 3979 388 4059 superiores
413 3977 579 4055 ostendat,
607 3983 652 4055 et,
678 3977 766 4042 fletis
787 3978 896 4058 salsis,
918 3981 1167 4064 speciosissima
1193 3979 1293 4047 laude

202 4084 361 4159 exomet3
384 4080 444 4146 sed
458 4081 557 4149 etiam
572 4081 662 4165 quod
676 4081 812 4165 iuiquus
825 4083 870 4149 sit
884 4085 917 4147 iu
930 4101 999 4161 eoa,
1014 4084 1071 4167 qui
1086 4083 1184 4148 invisi
1197 4083 1304 4149 eruut

202 4173 394 4253 omibus
418 4183 617 4270 aulicinque,
633 4179 790 4272 quodque
812 4202 1028 4270 personarum
1045 4185 1182 4253 laudem
1202 4185 1302 4256 vitu-⁴
