2908 4856
254 303 319 369 toti
590 315 784 368 sncuusus
809 313 1026 366 norrrouuu

666 564 936 628 castistatem.
995 607 999 616 .

258 723 331 788 1781
355 717 417 779 Des
437 715 558 778 Publius
581 713 713 775 Velleius
732 710 902 773 Paterculus
923 707 1028 768 lrnrser
1050 699 1156 784 aegris
1164 700 1220 762 der
1231 690 1361 762 Roemis·

295 813 370 874 clren
393 812 571 874 Gesciriclrte
585 831 641 871 von
656 809 824 888 Grrindung
846 807 899 867 der
921 803 1007 867 Stsdt
1027 803 1102 862 Rom
1117 797 1216 859 aubis
1231 793 1291 856 auf
1302 792 1359 854 ders

294 907 410 969 Konrul
424 909 544 968 Marcus
557 905 698 970 Vinicius.
726 907 791 966 Ans
806 904 873 964 dem
888 899 1098 964 Lateinisclren.
1112 889 1310 1038 Retenlrurg
1323 905 1359 950 au

259 1004 517 1174 ilgirliiidiiiiiis
532 1099 658 1162 Velleius
671 1096 839 1158 Paterculus
865 1091 1030 1156 Roemirelre
1056 1087 1256 1151 Geschiclrte.
1301 1079 1359 1142 Ue-

294 1197 424 1258 bersetat
437 1215 493 1256 von
509 1195 674 1257 Friedericlr
687 1193 808 1255 Jacobs.
842 1189 971 1269 Leipzig.
983 1197 1010 1250 8
1013 1186 1196 1247 -Pmtans
1211 1183 1360 1258 interpre-

294 1293 379 1366 tatio,
392 1303 541 1354 auctorem
555 1311 613 1350 noo
628 1291 722 1350 soluru
743 1287 869 1349 fideliter
881 1295 913 1348 et
925 1303 994 1346 rere
1004 1283 1181 1362 exprimens,
1196 1277 1251 1340 sed
1266 1277 1360 1337 et'nm

296 1389 360 1467 ejus
372 1388 520 1467 ingenium
531 1393 702 1448 consecuta.

702 1642 937 1660 b—-ss-

301 1880 335 1952 N
339 1903 490 1965 ovsarr,
505 1887 564 1972 qni
578 1885 807 1970 precedentes
821 1887 966 1970 paginas
977 1885 1101 1969 legerit,
1111 1883 1265 1950 codicem
1277 1878 1358 1948 Vel

256 1987 312 2053 lcii
325 1987 508 2068 Paterculi,
522 1995 643 2073 praeter
654 2007 755 2054 unum
765 1990 800 2053 in
808 1985 1181 2053 bibuoueeacoenobii
1190 1986 1360 2052 Benedic-

256 2091 316 2154 tini
333 2089 551 2156 Mnrbacensi
565 2111 596 2156 a.
610 2091 707 2157 1515.
735 2091 906 2155 inventum
920 2109 996 2155 esse
1009 2089 1146 2167 nullum,
1161 2095 1200 2153 et
1214 2089 1359 2172 primm

256 2191 452 2271 editionem,
463 2213 524 2278 per
538 2193 678 2258 Beatum
695 2192 903 2271 Rhenanum,
919 2191 1066 2258 Basilcoe
1080 2191 1177 2258 1520.
1197 2189 1360 2272 exuuias

255 2293 460 2376 apographo,
495 2312 565 2357 non
602 2293 675 2357 sine
706 2293 977 2359 annotationibus
1000 2299 1034 2358 et
1064 2291 1359 2359 emendationibus

254 2395 381 2474 multis,
409 2395 626 2479 processisse.
686 2397 818 2462 Interea
838 2395 950 2460 codex
975 2395 1063 2480 ipse,
1092 2395 1275 2479 singularis
1302 2394 1358 2458 ille

255 2497 365 2561 codex
380 2495 630 2576 Murbaccnsis,
645 2497 793 2563 evannit.
837 2496 982 2573 Patebit,
1005 2497 1114 2580 igitur,
1128 2497 1255 2561 nullum
1277 2515 1360 2560 auc·

256 2607 363 2662 torem
378 2597 560 2664 classicum
575 2599 790 2664 occasionem
805 2589 893 2662 adeo
907 2597 1097 2682 praebuisse
1112 2598 1241 2664 criticis
1268 2599 1360 2663 inse-

256 2699 341 2764 cutis
356 2699 438 2764 artis
453 2699 666 2784 conjecturalis
680 2699 892 2766 exercendae.
937 2697 1013 2765 Nec
1028 2700 1183 2766 miremur
1204 2700 1249 2779 si,
1264 2701 1359 2784 quod

255 2799 316 2864 vix
342 2801 384 2864 de
409 2801 477 2864 alio
502 2801 573 2865 nlio
593 2801 740 2868 classico
765 2802 942 2867 dicendum
970 2801 1027 2880 sit,
1050 2801 1093 2867 de
1122 2807 1237 2868 nostro
1258 2803 1356 2870 dice·

255 2909 318 2969 tur.
363 2901 537 2967 Bentleios
560 2901 846 2987 (Phileleutherns
873 2903 1077 2988 Lipsiensis,
1106 2923 1141 2988 p.
1169 2905 1245 2990 65.)
1265 2925 1355 2990 prm-

255 3003 394 3082 dicavit,
417 3000 524 3067 libros
538 3002 625 3086 ejus,
641 3009 720 3088 post
732 3003 863 3068 labores
879 3003 1150 3070 doctissimorum
1173 3013 1210 3069 ct
1233 3009 1360 3072 acutis-

256 3107 418 3172 simorum
444 3103 632 3169 criticorum
647 3123 708 3188 per
734 3102 803 3168 duo
820 3105 959 3182 saecula,
985 3119 1073 3183 esse,
1095 3125 1356 3194 mansurosque,

254 3225 380 3272 merum
407 3225 553 3270 errorum
578 3203 758 3271 cumulum.
803 3205 913 3271 Immo
944 3205 1147 3274 Franciscus
1170 3209 1356 3290 Asulanus,

254 3305 288 3373 iu
322 3305 528 3372 P1aesatione
567 3305 611 3372 ad
635 3306 724 3372 Livii
756 3307 952 3388 editionem,
977 3310 1138 3393 (imprcss.
1168 3310 1296 3380 Venet.
1323 3317 1358 3380 iu

256 3393 372 3474 AEdib.
389 3405 466 3470 Ald.
481 3407 596 3486 1518.)
618 3426 722 3473 ausus
744 3416 799 3473 est
823 3409 979 3493 proferre,
1002 3411 1085 3476 nihil
1107 3411 1176 3476 iere
1197 3413 1357 3480 Latinum

253 3513 318 3596 legi
333 3509 369 3574 111
392 3507 466 3574 istis
488 3508 592 3588 libris,
613 3515 648 3575 et
672 3529 746 3574 esse
770 3511 903 3576 omnino
932 3512 1181 3598 supposititios.
1225 3513 1359 3600 Adjicit

256 3612 437 3688 Emestius,
453 3609 602 3688 (Fabric.
617 3611 707 3676 Bibl.
723 3611 762 3676 L.
778 3613 846 3677 vol.
865 3627 906 3678 11.
921 3633 956 3697 p.
971 3610 1043 3698 23.)
1065 3613 1154 3678 ‘Sed
1169 3635 1212 3680 ea
1227 3618 1360 3684 invidia

253 3717 499 3794 suit,etrccte
525 3709 1360 3798 (1111111111,1111101011111Ροόῑ111198Άν11-

252 3817 339 3882 leius
364 3835 431 3880 non
458 3814 665 3880 damnandus
689 3814 897 3893 Historicus,
920 3815 1053 3880 tametsi
1067 3816 1205 3900 quidam
1226 3818 1359 3888 irrsulsa

252 3917 381 3983 nullum
394 3917 498 4020 irrisae
510 3914 679 3984 Velleium
693 3915 946 4002 suspicantur?
991 3917 1045 3982 Dc
1058 3917 1212 4000 hisvero,
1229 3929 1266 3986 et
1279 3924 1359 3988 aliis

254 4019 355 4179 relpus
369 3997 448 4181 puio
463 4017 508 4085 ad
522 4016 688 4088 Velleium
702 4021 876 4105 pertinent,
898 4039 960 4105 pro
975 4039 1038 4086 suc
1059 4020 1202 4106 quisque
1217 4023 1362 4106 iugenio

251 4137 290 4204 Ju
314 4137 369 4181 rea
393 4116 420 4182 it
