3012 4866
323 347 373 398 nn
396 347 548 399 rnnumr
571 343 743 408 suenum,
766 347 945 413 uentum,
969 351 1015 402 ur
1038 352 1139 405 sinn.
1232 327 1278 411 ὣ

184 486 356 580 probabile
377 496 441 571 est,
464 501 503 558 ut
527 495 563 558 in
583 494 638 572 iis,
661 513 740 578 quae
762 495 1007 580 ascripturum
1033 497 1140 566 adhuc
1161 507 1278 568 extan-

183 591 265 674 tium
288 594 488 660 testimoniis
513 593 648 660 dissona
662 593 843 675 budiderit,
867 597 1007 664 alierum
1031 600 1276 686 deperditarum

181 694 404 760 narrationem
417 695 501 760 bene
511 698 718 781 exploratam
732 697 862 782 sibique
872 706 1047 782 probatum
1058 709 1194 770 secutus
1202 725 1276 773 esse

183 793 347 862 rideatur.

226 897 265 962 si
279 917 358 963 uero
372 881 454 964 tides
467 899 589 966 Velleii
601 919 646 966 ex
658 921 738 967 vern
750 903 903 972 tradendi
916 905 1072 972 facultate
1084 839 1279 978 aestimande

182 1003 245 1078 oet,
260 997 328 1065 aliu
341 1019 422 1066 eane
435 1001 509 1087 ejus
529 1008 582 1068 est
605 1004 727 1070 ratio
717 1023 752 1070 ιιι
775 1005 951 1091 antiquiori
973 1027 1083 1075 rerum
1106 1014 1277 1094 memoris,

182 1100 273 1166 alia
263 1121 298 1166 ιιι
313 1103 378 1168 reri
393 1121 448 1168 sm
436 1103 605 1169 historia.
648 1103 705 1171 Ad
718 1106 803 1172 hane
818 1108 906 1172 enim
919 1107 1010 1193 quod
1022 1111 1146 1188 attinet,
1164 1133 1278 1199 aeque·

182 1203 226 1267 iis
240 1209 293 1268 est
306 1223 415 1269 rerum
428 1209 592 1310 gesturum
606 1208 681 1272 inde
705 1228 727 1272 a
748 1206 824 1272 cuii
847 1208 1003 1289 Caesaris,
1022 1209 1186 1296 Agrippae
1205 1208 1278 1296 filii,

181 1305 284 1370 initiis
297 1305 356 1390 (ιι.
368 1291 471 1391 1012),
490 1327 668 1393 eurumque
682 1309 833 1392 plurimis
849 1310 1004 1377 interfuit.
1041 1311 1094 1378 (tf.
1110 1333 1201 1398 supr.
1214 1315 1277 1381 Vi·

182 1413 254 1472 tam
271 1407 409 1475 Velleii.
452 1408 648 1488 Quaerere
664 1429 718 1474 res
739 1412 815 1495 ipse
837 1429 905 1474 uon
926 1412 1025 1491 vidit,
1048 1431 1105 1479 ees
1127 1417 1277 1498 cognitas

181 1493 304 1574 babere
319 1493 428 1593 potnit
440 1513 550 1592 abiis,
572 1511 629 1596 qni
644 1512 847 1596 temporibus
859 1513 1081 1594 interfuerunt,
1096 1535 1204 1602 neque
1217 1532 1278 1584 ex·

182 1609 402 1694 tguasrerum
415 1619 526 1697 portes
539 1620 685 1698 egerunt,
699 1633 732 1678 v.
744 1634 775 1679 c.
791 1615 981 1694 uVinieiiS,
998 1617 1156 1702 aliisque,
1172 1621 1229 1703 qui
1243 1621 1278 1686 in

183 1711 276 1778 bello
297 1713 484 1804 Delmatico
506 1723 541 1780 et
563 1715 773 1782 Germanicis
795 1717 1031 1794 militaverunt,
1054 1738 1110 1782 ore
1129 1721 1277 1786 traditas.

184 1810 263 1892 Quo
278 1814 401 1880 inctnrn
414 1821 477 1894 est,
485 1823 525 1880 ut
534 1815 697 1901 Velleius,
708 1817 760 1881 his
773 1817 957 1895 narrandis,
969 1819 1075 1883 multu
1088 1821 1277 1903 singularia,

184 1933 261 2002 qum
269 1915 874 2008 aliisuoninnotuerunt,solusreferat.
885 1919 1278 1988 ProximorumveroAn-

186 2015 273 2102 gusti
285 2027 484 2102 temporum,
498 2037 575 2105 qum
592 2019 841 2104 aetutemipsius
857 2020 1071 2102 superabunt,
1083 2023 1278 2088 memoriam

185 2137 382 2206 pernoscere
397 2112 429 2186 ¹ei
448 2121 555 2199 licuit,
569 2121 623 2186 vel
640 2141 684 2186 ex
698 2141 820 2198 eorum,
837 2121 895 2206 qui
907 2139 1016 2184 rernm
1031 2127 1099 2187 tum
1115 2129 1279 2204 gestamur

185 2220 283 2300 socii,
289 2219 471 2305 adjutores,
477 2228 722 2308 etspeetatores
729 2222 870 2301 fuerunt,
877 2223 957 2288 viva
964 2224 1163 2303 narratione,
1169 2224 1224 2290 vel
1234 2243 1279 2291 ex

185 2322 365 2390 eorundem
373 2322 488 2388 talium
498 2326 668 2408 operibus,
678 2345 712 2390 u.
722 2344 804 2389 eex
812 2324 960 2406 Augusti
968 2325 1074 2408 ipsius
1086 2327 1129 2389 de
1137 2327 1207 2390 uita
1215 2344 1280 2391 sna
1374 2316 1378 2322 ⁴

184 2423 283 2502 libre,
298 2443 397 2508 quem
415 2422 531 2489 laudat
556 2441 597 2490 ιι.
610 2425 665 2490 59.
688 2443 732 2489 ex
748 2423 946 2490 Maecenatis
960 2424 1003 2488 de
1018 2426 1117 2490 rebus
1132 2423 1279 2509 Augusti

186 2539 299 2612 opere,
312 2543 358 2592 ex
368 2523 480 2595 Asinii
489 2525 652 2593 Pollionis
665 2527 827 2591 bellorum
842 2523 990 2593 ciuilium
1003 2523 1152 2603 historie,
1168 2526 1219 2591 vel
1234 2545 1279 2593 ex

185 2627 353 2694 historicis
367 2627 444 2692 huic
469 2629 561 2692 aetati
581 2627 756 2712 proximis,
784 2625 843 2711 qui
866 2625 927 2689 hus
949 2643 1002 2688 res
1026 2627 1279 2708 pertractarunt,

185 2726 219 2796 ι.
235 2751 265 2795 e
280 2749 326 2796 ex
341 2728 453 2807 Livio,
465 2731 526 2812 qni
535 2728 578 2796 ad
588 2728 689 2793 Drusi
701 2725 845 2792 Neronis
860 2726 987 2790 obitum
999 2724 1171 2790 historiam
1185 2743 1280 2790 suum

185 2837 385 2918 persecutus
394 2834 457 2910 est,
469 2837 503 2894 et
516 2847 563 2894 ox
576 2827 737 2893 Cremntii
752 2826 865 2907 Cordi,
877 2827 934 2911 qui
945 2828 1009 2892 snb
1018 2826 1155 2892 Τιιιοιιο
1171 2827 1278 2910 scrip·

185 2933 232 3001 bit
254 2931 381 3019 (Tacit.
408 2928 819 3016 A.1v.3o.),anuuiuus.
862 2927 918 2994 Ex
939 2927 1069 2992 illorum
1095 2927 1279 3010 aequalium

183 3031 352 3118 augusto,
361 3016 459 3118 eique
467 3031 760 3111 deditissimomm,
772 3029 928 3115 operibus
936 3028 1139 3111 hauddubie
1153 3046 1278 3111 mogus

185 3151 265 3222 pers
285 3136 407 3218 laudis,
433 3155 501 3221 qua
520 3134 709 3220 principem
723 3133 818 3198 illum
832 3136 936 3209 ornat,
959 3131 1115 3214 fameque
1138 3130 1227 3196 enlm
1241 3127 1280 3196 in

185 3235 310 3306 Velleii
330 3239 435 3305 libros
457 3237 679 3323 promanavit,
709 3233 934 3318 nonnullaque
961 3231 1040 3298 inde
1064 3229 1205 3296 fluxisse
1230 3229 1280 3298 vi·

186 3340 399 3431 dentur,quae
411 3340 502 3425 apud
513 3340 599 3406 aiios
608 3338 698 3404 haud
707 3337 841 3416 traditu,
851 3334 1026 3419 vel-aliter,
1036 3333 1256 3400 invenimur.

230 3441 271 3508 In
291 3443 514 3528 antiquiorum
533 3445 644 3507 numm
665 3445 850 3524 temporum
873 3435 1036 3502 memoria
1056 3435 1138 3501 fides
1161 3431 1283 3508 Nostri

187 3550 318 3612 constat
331 3565 376 3610 ex
389 3553 574 3622 auctorum,
589 3561 674 3627 qnos
687 3545 823 3605 secutus
834 3543 896 3616 est,
912 3538 1088 3622 probitate.
1133 3533 1211 3600 Hos
1222 3553 1280 3601 em

187 3639 257 3714 tun
280 3667 443 3731 nusquam
467 3646 673 3724 monstravit,
702 3649 823 3728 praeter
852 3639 1028 3719 Catonem,
1053 3658 1151 3724 quem
1176 3637 1227 3700 de·
1244 3653 1279 3699 rs

187 3746 310 3816 Italica
322 3755 354 3816 et
368 3756 469 3816 estate
485 3749 612 3834 Gapnae
627 3747 720 3812 urbis
735 3743 884 3810 confutat
899 3760 922 3806 ι
935 3744 968 3808 7.
991 3748 1025 3807 et
1046 3738 1277 3814 Hortensium,

186 3843 232 3919 ud
247 3841 347 3938 cujus
362 3854 497 3918 arinates
511 3851 646 3935 relegat,
670 3865 709 3914 ιι.
723 3847 779 3913 16.
823 3845 892 3910 Sed
905 3845 1050 3911 alienum
1062 3861 1083 3904 ιι
1095 3833 1278 3922 probabili-

187 3955 255 4020 tate
269 3973 335 4019 non
346 3961 408 4033 est,
419 3954 610 4019 Velleium
600 3973 634 4016 m
649 3951 749 4016 rebus
764 3947 939 4025 Romanis,
956 3943 1088 4028 quasin
1101 3957 1200 4024 opere
1215 3955 1278 4004 suo

185 4055 247 4142 (ιι.
259 4043 293 4121 9.
307 4053 424 4141 ereo.)
443 4055 555 4120 laudet
566 4054 749 4120 historicos
762 4050 954 4134 populares,
962 4041 1185 4108 eoshehuisse
1199 4055 1279 4124 coge

185 4159 274 4228 nites
296 4165 396 4243 atque
420 4156 643 4236 consuluisse,
669 4173 704 4220 v.
716 4174 747 4219 e.
763 4151 951 4229 Sisennam,
966 4143 1112 4215 Offilium
1134 4139 1278 4230 Antipa-

250 4275 342 4341 ηιμ.
352 4279 375 4326 α
389 4273 447 4326 να.
456 4273 523 4326 cro.
708 4271 809 4320 Puer.
1187 4255 1211 4310 o
