2948 4862
1441 163 1443 232 l

1442 292 1444 350 l

281 382 330 434 nn
354 377 508 442 venenu
531 377 703 442 rnensro,
727 377 907 443 nostrus,
934 379 980 429 nr
1003 379 1103 432 rrnn.
1192 365 1237 432 85

141 524 225 605 rari,
238 523 384 592 nondum
396 521 547 590 usus-cr.
562 509 816 606 Morgensle'rnii
824 521 1005 606 diligentia,
1017 525 1076 607 qui
1092 523 1127 592 in
1139 525 1238 594 (iom-
1289 521 1294 528 “

143 625 344 696 mentatione
357 645 420 690 sua
435 644 525 708 supr.
541 623 631 689 laud.
648 623 712 688 hoc
734 626 770 689 in
793 644 910 707 genere
932 625 1054 691 multrrs
1069 627 1140 693 fuit.
1185 627 1239 695 Ita

143 726 279 803 sactum,
291 729 329 790 ut
342 724 453 790 multis
467 725 501 788 in
514 724 600 790 locis
610 725 665 789 rel
678 723 777 790 malae
788 723 870 790 lidei
884 728 937 791 vel
958 727 1154 793 adulationis
1168 741 1243 794 ma:

144 826 232 904 cula,
253 825 407 911 aLipsio
431 825 576 892 maxime
599 843 749 909 arpena,
775 824 940 892 avelleio
955 829 1107 892 abstersa
1119 829 1174 908 sit,
1190 835 1241 898 ut:

144 947 221 1011 que,
248 928 277 990 si
300 926 406 1012 iniqui
425 945 502 992 esse
525 927 678 1004 nolimus,
701 925 864 992 Nostrum
880 927 917 992 iu
937 929 1073 1012 reliquis
1097 949 1239 1016 quoque,

144 1029 269 1113 quibus
278 1029 386 1094 desint
400 1029 540 1120 aliorum
551 1029 754 1107 testimonie,
769 1028 858 1096 haud
868 1028 1054 1113 improbum
1071 1049 1147 1096 esse
1159 1029 1240 1098 edc-

145 1135 262 1207 torem,
277 1127 496 1214 judicandum
511 1129 565 1208 sit,
577 1130 724 1194 maxime
737 1149 824 1208 cum,
846 1129 1073 1204 consideretis·
1083 1133 1239 1217 tempori·

144 1230 327 1308 bus,locis,
340 1231 448 1310 mnus,
461 1231 674 1316 ecpersonis,
687 1231 1089 1316 internaqnemrooant,
1102 1236 1238 1301 narrati·
1378 1295 1383 1302 .

148 1332 224 1395 ouis
239 1330 427 1397 Velleienee
444 1333 666 1416 probabilitas
681 1341 838 1417 emergat.

188 1432 378 1499 Videamus
400 1433 554 1519 denique,
581 1435 662 1518 qnid
686 1434 799 1500 damni
829 1435 897 1500 ista
916 1433 993 1500 fldei
1016 1441 1183 1520 suspectae
1207 1443 1242 1503 et

148 1533 352 1600 adulationis
377 1537 578 1616 criminatio,
600 1556 669 1620 que
693 1556 735 1602 ne
757 1536 848 1621 apud
871 1535 1016 1620 aequales
1039 1537 1185 1620 quidem,
1209 1545 1243 1605 et

148 1637 294 1720 proximi
307 1638 374 1704 sevi
387 1637 551 1717 homines,
565 1643 684 1704 temere
694 1636 894 1722 judicantes,
909 1638 1057 1702 caruisse
1071 1623 1243 1722 probabile

149 1743 212 1816 est,
226 1737 300 1822 ejus
311 1741 471 1824 opusculo
484 1739 634 1806 adnlisse
646 1739 807 1806 videatur.
851 1738 947 1805 Vidit
955 1740 1021 1806 lroo
1035 1741 1162 1825 primus
1173 1736 1245 1806 He·¹

149 1839 248 1904 relius
261 1839 296 1902 in
308 1839 381 1906 irie
396 1840 583 1908 Beobacht.
598 1842 654 1906 iib.
669 1841 704 1907 d.
719 1839 881 1919 Velleius,
905 1859 940 1922 p.
953 1842 987 1906 7.
1011 1846 1082 1905 not.
1099 1841 1157 1924 qui
1168 1835 1244 1906 inde

149 1957 288 2004 cansam
301 1939 366 2004 sibi
380 1943 544 2024 reperisse
558 1941 701 2021 videtur,
727 1963 786 2007 cur
808 1961 927 2007 nornen
949 1941 1120 2025 scriptoris
1142 1941 1245 2007 nostri

145 2041 216 2124 jam
230 2040 317 2104 inter
330 2045 461 2106 veteres
475 2043 701 2123 obscuratum,
725 2044 863 2129 ejusque
885 2060 973 2125 opus
996 2043 1086 2107 haud
1100 2043 1245 2108 celebra·

150 2149 220 2206 turn
233 2139 344 2208 suerit
366 2141 469 2228 Apud
481 2143 631 2228 aequales
645 2145 743 2224 enim,
756 2144 815 2230 qui
823 2143 909 2210 aulae
925 2161 1038 2208 eurem
1051 2144 1244 2228 captabant,

151 2243 357 2310 hauddubie
369 2245 444 2310 laus
457 2244 583 2310 eximia
597 2245 720 2330 Sejano
736 2245 969 2311 scelestissimo
982 2245 1109 2310 homini
1123 2245 1246 2310 tributa

151 2351 229 2428 post
242 2344 318 2428 ejus
332 2345 535 2431 supplicium
548 2346 647 2412 lemae
661 2347 785 2413 Velleii
800 2345 922 2422 obfuit,
945 2345 1042 2429 sique
1065 2346 1148 2412 inter
1168 2365 1245 2430 per·

152 2445 271 2529 ticipes
295 2447 505 2512 consiliorum
528 2449 624 2513 istius
647 2453 750 2512 morte
772 2445 849 2524 luit,
872 2449 1039 2510 auctorem
1065 2462 1144 2509 sane
1166 2445 1246 2510 talis

154 2547 300 2612 encomii
322 2567 390 2613 une
404 2568 479 2613 cum
493 2568 593 2633 opere
607 2566 671 2613 suo
686 2547 837 2613 detestati
851 2552 937 2610 sunt.
981 2542 1154 2610 Aliasane
1168 2563 1247 2628 pars

154 2648 346 2731 equalium,
368 2649 508 2713 'liberio
528 2649 742 2728 infensorum,
760 2645 887 2732 sprevit
909 2645 1104 2730 scriptorem
1118 2643 1247 2712 Princi-

153 2769 230 2833 pem
244 2749 473 2817 detestabilem
487 2750 644 2816 serviliter
658 2749 859 2815 adulantem.
901 2745 1031 2812 Neutra
1044 2765 1123 2830 pers
1137 2765 1245 2832 neque

155 2848 294 2932 legendi,
306 2870 416 2936 neque
432 2851 639 2916 describendi
653 2853 763 2936 operis
774 2849 900 2934 cupida
912 2849 985 2915 luit.
1029 2847 1098 2929 Qui
1119 2851 1248 2934 aequius

152 2951 366 3033 judicabant,
381 2951 442 3018 sed
464 2950 644 3037 pauciores
658 2952 820 3036 profecto,
842 2951 876 3015 hi
891 2950 954 3016 soli
969 2949 1168 3029 occultasse,
1183 2951 1247 3015 leo·

156 3053 286 3133 titasse,
310 3059 344 3119 et
363 3052 581 3138 descripsisse
604 3052 763 3119 Nostrum
785 3051 945 3129 ridentur,
966 3071 1007 3117 ne
1031 3053 1067 3118 in
1081 3051 1249 3135 Principis

158 3155 338 3220 saevissimi
360 3153 585 3236 suspicionem
612 3158 645 3218 et
667 3153 827 3218 invidiam
850 3149 1039 3217 inciderent.
1089 3149 1143 3216 lta
1166 3151 1250 3216 inter

159 3273 289 3340 pancos
313 3261 440 3321 tentam
464 3255 668 3339 divulgatum
696 3252 817 3319 Velleii
845 3272 941 3336 opus,
968 3260 1070 3338 atque
1096 3255 1249 3337 posteris,

158 3358 296 3423 liberius
326 3357 541 3441 severiusque
568 3356 611 3422 de
639 3354 776 3422 'liberio
806 3354 1049 3441 judicantibus,
1075 3354 1250 3436 traditum3

161 3477 269 3542 neque
280 3457 332 3524 iris
347 3458 401 3523 rel
413 3459 457 3523 ob
472 3457 701 3537 adulationem,
715 3460 770 3525 rel
783 3460 829 3525 ob
842 3459 1003 3537 veritatis,
1018 3457 1145 3523 'liberii
1159 3461 1249 3522 metu

163 3563 338 3642 corruptae,
367 3559 512 3644 speciem
542 3559 677 3643 placere
701 3561 820 3644 potuit.
872 3559 930 3624 Ita
951 3559 1100 3644 proiecto
1126 3560 1252 3623 sactum

163 3678 240 3724 essa
254 3661 390 3738 ridetur,
410 3667 447 3725 ut
461 3659 589 3726 Noster
611 3659 849 3744 infrequentius
871 3659 987 3737 lectus,
1007 3659 1203 3743 descriptus,
1219 3662 1254 3722 et

164 3760 256 3826 nulla
270 3761 382 3843 dignus
396 3762 555 3825 memorie
568 3761 611 3826 sit
624 3762 771 3841 habitus,
786 3762 919 3827 etiamsi
930 3779 1051 3826 novam
1060 3757 1254 3842 scriptionis

163 3865 315 3938 formam,
329 3859 510 3926 nonanus
524 3860 594 3926 suis
608 3879 674 3926 non
689 3867 871 3940 carentem,
885 3862 1054 3926 invenerit.
1098 3855 1254 3922 Attamen

163 3966 344 4047 insequem
359 3983 470 4030 eevurn
483 3962 569 4027 haud
582 3962 752 4045 ignorasse
764 3985 851 4042 eum,
861 3964 958 4030 docet
971 3960 1059 4027 haud
1070 3958 1255 4042 infrequens

164 4065 319 4144 aliorum,
342 4066 398 4130 rel
421 4065 455 4127 in
470 4063 709 4129 concinnandis
730 4062 878 4129 historiae
904 4056 1123 4147 compendiis,
1146 4063 1256 4148 iisque

159 4167 298 4254 jejunis,
322 4166 378 4234 vel
402 4167 436 4232 in
462 4165 604 4234 dictione
618 4165 800 4250 ingeniosa,
827 4168 953 4246 arguta,
976 4169 1076 4249 atque
1099 4164 1260 4231 intumes-
