3054 4852
423 753 902 868 cenomannum
942 783 1210 904 vannum
1315 845 1318 854 .

475 1027 696 1080 exesam
713 1028 763 1080 EX
780 1023 937 1079 ennea
954 1021 1148 1078 mmm!

652 1231 700 1298 [n
717 1245 850 1284 muron
864 1229 979 1296 cauum]

267 1425 373 1518 Dum
396 1453 472 1517 haec
496 1453 587 1518 circa
608 1451 763 1518 Rhenum
788 1459 937 1536 aguntur,
962 1451 997 1515 in
1019 1447 1217 1516 Noricorum
1240 1448 1361 1515 linibus

265 1575 366 1638 grave
376 1555 493 1620 vulnus
507 1553 651 1638 populus
667 1552 845 1618 Romnum
856 1551 998 1637 accepit.
1030 1550 1167 1635 Quippe
1180 1550 1360 1616 Germano·

265 1675 337 1720 rum
361 1659 483 1738 genus,
507 1654 598 1739 quod
623 1655 661 1737 [l.
675 1654 766 1739 quaa]
787 1655 945 1720 Rhatias
965 1651 1003 1736 [l.
1017 1650 1184 1716 Rhoetiam
1208 1669 1236 1715 s.
1259 1649 1362 1716 Rhae-

267 1755 349 1837 iios]
372 1760 632 1838 occupaverant,
647 1777 712 1821 non
729 1759 824 1839 longe
851 1757 894 1820 ab
914 1755 1070 1837 Alpibus,
1094 1759 1201 1819 tractu
1214 1754 1287 1836 puri
1301 1771 1363 1837 pa-

265 1859 413 1922 lantibus
438 1857 581 1940 campis,
603 1857 661 1920 ubi
690 1856 758 1921 duo
780 1856 985 1940 rapidissimi
1010 1871 1126 1918 amnes
1149 1853 1232 1918 inter
1256 1871 1293 1918 se
1312 1850 1362 1939 (l)

267 1958 448 2036 confluunt,
461 1963 499 2022 ut
512 1959 548 2041 [l.
563 1955 613 2037 iu]
626 1957 709 2041 ipsis
723 1957 861 2022 Noricis
876 1955 996 2020 finibus
1011 1957 1194 2034 civitatem,
1208 1975 1272 2020 uon
1286 1957 1362 2040 qui·

266 2059 345 2123 dem
357 2077 464 2137 muro,
480 2059 539 2123 sed
552 2061 641 2125 vallo
656 2059 811 2144 fossaque
825 2061 1015 2139 cinxerunt;
1034 2077 1134 2142 quam
1149 2057 1364 2143 appellabant

267 2159 398 2238 (lisera,
414 2161 544 2226 nomine
572 2163 656 2226 Deae
680 2160 784 2238 cisae,
809 2179 908 2244 quam
928 2161 1174 2244 religiosissime
1190 2158 1363 2240 colebant3

267 2261 366 2345 cujus
380 2261 539 2344 templum
553 2281 687 2347 qnoque
707 2281 752 2326 ex
775 2263 879 2346 ligno,
903 2263 1077 2327 barbarico
1099 2264 1177 2340 ritu,
1191 2265 1363 2326 construc-

267 2369 355 2446 tum;
389 2362 518 2447 [quodi
543 2369 721 2449 postquam
744 2383 785 2428 co
811 2363 946 2428 colonia
972 2361 1196 2427 Romanorum
1222 2360 1364 2425 deducta

267 2469 330 2543 est,
344 2463 541 2530 inviolatum
556 2467 750 2550 permansit,
767 2485 821 2544 ac,
841 2469 1007 2532 vetustate
1030 2465 1226 2547 collapsum,
1241 2479 1364 2527 nomen

268 2565 346 2632 colli
361 2565 396 2649 [l.
409 2565 520 2646 collis]
535 2569 687 2632 servavit.
732 2566 833 2630 Hanc
844 2567 961 2631 urbem
971 2565 1012 2630 Τ.
1023 2563 1155 2630 Annius
1169 2561 1365 2656 proelor,'ad

268 2668 430 2733 arcendas
454 2668 671 2734 barbarorum
695 2669 921 2747 excursiones,
955 2665 1033 2732 Kal.
1070 2665 1187 2732 Sextii.
1214 2667 1364 2731 exercitu

268 2771 492 2836 circumvenit.
536 2769 592 2835 Ad
617 2770 831 2836 meridianam
856 2769 972 2854 oppidi
997 2775 1136 2852 partem,
1162 2788 1230 2852 qua
1249 2768 1325 2833 sola
1343 2785 1366 2832 a

269 2871 452 2934 continenti
465 2875 546 2947 eret,
563 2876 685 2953 praetor
705 2871 778 2954 ipse
805 2889 881 2934 cum
903 2871 1031 2951 legione
1053 2867 1177 2934 Martia
1198 2869 1365 2953 operosis-

269 2969 353 3034 sime
368 2971 595 3050 communivit,
610 2970 654 3035 ad
674 2971 878 3036 occidentem
891 2989 984 3046 vero,
996 2990 1061 3056 quo
1076 2971 1291 3036 barbarorum
1306 2967 1365 3054 ad-

268 3079 390 3138 ventus
413 3079 492 3150 erat,
508 3075 611 3151 Arar,
627 3065 777 3155 Bogudis
796 3073 883 3155 regis
907 3073 1006 3150 lilius,
1022 3093 1095 3138 cum
1110 3073 1258 3155 equitatu
1274 3069 1366 3136 omni

269 3181 302 3241 ei
316 3173 533 3240 auxiliaribus
549 3173 775 3240 Macedonum
790 3176 912 3260 copiis,
934 3176 1018 3240 inter
1037 3173 1157 3239 flumen
1169 3181 1206 3237 et
1226 3173 1364 3248 vallum,

757 3373 864 3428 Nom

302 3485 312 3513 ¹
331 3483 390 3534 Hoc
410 3483 585 3550 fragmentum
602 3489 680 3540 labet
698 3489 801 3555 Woll'gs
835 3489 953 3554 namqui
964 3487 1100 3553 scripserit
1115 3499 1139 3536 ι.
1158 3497 1307 3547 rrcoxnx„
1320 3483 1365 3535 ubl

268 3558 358 3609 Lnlor
368 3559 393 3609 in
404 3565 641 3614 commentariorum
652 3566 716 3629 reip.
722 3567 795 3615 Rom.
836 3570 921 3614 tamen
934 3565 1008 3628 plura
1019 3565 1114 3614 inserta
1126 3567 1255 3628 legantur.
1272 3562 1303 3612 la
1313 3575 1365 3626 qno

267 3635 313 3686 ilo.
323 3649 343 3684 ι.
355 3649 411 3699 cap.
420 3641 444 3686 ὓ.
462 3637 564 3688 Falsum
577 3638 796 3702 judicaremini„
836 3647 938 3690 lantum
951 3654 965 3689 ι
977 3641 1044 3704 stylo
1062 3640 1154 3689 velleii
1172 3640 1221 3687 hoc
1237 3633 1370 3702 fragmen-'¹

267 3710 328 3777 quie
338 3713 421 3776 stylos
435 3713 519 3775 sapiat
534 3715 687 3777 scriplorem
699 3715 796 3779 aliquot
837 3725 892 3768 lom
910 3718 1056 3779 abhorreat,
1072 3715 1192 3781 equidem
1211 3731 1261 3765 neo
1271 3715 1367 3766 docere

267 3788 369 3838 sarculis
379 3788 480 3838 Velleio
485 3789 625 3851 juniorem,
634 3791 759 3854 etquiaiu
768 3807 797 3841 re
836 3807 885 3843 uec
903 3796 998 3844 sentire
1018 3807 1128 3858 possum,
1147 3808 1231 3858 usque
1249 3791 1368 3856 supposi-

268 3877 319 3914 uon
331 3879 415 3928 pauca
435 3865 497 3925 sint,
508 3865 535 3913 iu
554 3863 646 3929 quibus
664 3875 798 3930 precetur,
838 3874 892 3918 tum
904 3875 1008 3932 putare,
1018 3881 1076 3918 cum
1088 3868 1310 3932 palamedium
1320 3881 1367 3918 ue·

269 3940 338 4004 quod
350 3941 454 3991 Marcus
472 3941 594 3992 velserus
612 3942 637 3992 iu
649 3957 733 3992 rerum
746 3943 799 3994 Au·
837 3959 879 3994 mo
890 3957 962 4005 sana,
973 3945 1034 3994 dum
1042 3945 1157 3994 Velleius
1165 3953 1271 4008 prorsus
1279 3945 1368 4010 incog-

267 4022 432 4076 amianarum
439 4016 633 4067 vindelicorum
640 4017 799 4068 demonstra·
837 4019 906 4068 nitus
914 4028 981 4078 erat.
991 4020 1040 4068 sibi
1050 4032 1195 4083 proponere
1205 4019 1292 4082 potuit
1306 4019 1368 4068 Vel·

269 4089 366 4150 *Mi
395 4101 520 4155 praterea
538 4103 639 4158 nansi,
658 4096 707 4146 hoo
729 4095 800 4160 ling·
838 4095 992 4162 leioaliquid
1011 4093 1145 4159 affingere,
1163 4102 1218 4145 tum
1238 4095 1369 4160 quianu-

269 4167 473 4218 rusutmuetlsm
489 4182 627 4219 occurrere
641 4170 797 4234 rpudCcnr.
838 4174 916 4235 ratio,
944 4187 1090 4238 quanqnmu
1112 4171 1153 4221 irie
1174 4169 1211 4221 ibi
1231 4175 1367 4236 corrupte,

270 4237 304 4290 do
319 4237 471 4306 Ueliterno,
488 4243 609 4295 abbatem
629 4245 799 4310 urspergen·
837 4246 907 4298 flor·
918 4254 993 4299 nolas
1003 4248 1087 4302 nullu
1097 4241 1196 4312 prodit.
