2908 4856
253 247 319 314 4111
584 263 780 318 recensus
806 267 1023 321 unrrrorrun

292 431 402 486 remus,
415 413 549 496 adeoque
563 424 688 488 testum,
703 427 845 498 qosotuto
859 415 923 481 lieri
937 427 1064 499 poteret,
1077 439 1165 500 quem
1179 420 1361 484 emendetis·

291 509 398 572 simum
411 511 638 584 exhiberemuse
660 514 711 576 sed
733 516 825 576 etism
844 525 928 578 notes
947 519 994 580 vel
1011 519 1140 593 oritioss,
1151 519 1199 580 vel
1212 519 1255 580 ed
1270 519 1360 582 iuter·

292 609 485 686 pretetiouem
495 609 685 689 pertinentes,
697 610 822 672 subinde
831 629 1062 692 exeerperemos,
1076 615 1272 696 ludioernque
1282 617 1360 697 glos·

292 713 399 777 utum,
414 707 531 784 qualem
547 706 606 768 t'ere
620 706 703 768 dedit
717 707 873 782 Kreusius,
899 708 927 768 in
950 730 1135 774 communem
1156 712 1357 774 studiosorum

292 801 460 875 utilitatem,
476 803 524 862 oui
538 803 666 882 quisque
690 803 752 863 sine
774 804 884 865 invidie
904 806 1057 868 oonsulere
1070 817 1199 880 tenetur,
1212 809 1358 888 edjicere·

291 914 365 958 mus.
387 899 449 968 Qui
461 899 630 978 emptionem
644 899 896 974 oonrmsotsriom,
910 899 939 962 in
953 903 1042 964 rebus
1055 905 1182 966 msxims
1196 905 1357 974 historicis.

292 991 513 1068 deriderebuet,
527 995 563 1056 iis
577 993 664 1056 leoile
679 993 840 1056 mdssnoiet
851 995 901 1058 ed.
914 997 1076 1062 Kreusisos
1088 998 1209 1078 major]

291 1369 429 1452 Denique
454 1383 524 1436 sunt
546 1373 600 1434 riri
620 1373 714 1446 docti,
731 1373 784 1452 qui
798 1373 1089 1437 Animedversionum
1102 1375 1219 1450 libellis.
1235 1379 1359 1440 1111111-

248 1464 371 1542 guletim
383 1467 413 1528 in
426 1469 581 1542 vellelum,
602 1469 648 1530 vel
671 1469 701 1528 in
721 1469 816 1532 varios
833 1481 970 1534 suctores
982 1473 1171 1556 conscriptis,
1185 1474 1225 1534 de
1242 1477 1357 1560 Nostro

249 1561 346 1622 meriti
359 1573 439 1625 sunt.
480 1565 525 1626 lix
548 1565 663 1626 illorum
686 1584 809 1640 numero
831 1576 902 1630 ¹eunt
922 1570 1049 1632 ludeo.
1063 1571 1272 1652 Hottingerus‚
1285 1563 1358 1634 Pro·

247 1653 502 1721 l'essorlitererum
531 1659 736 1724 humaniorum
757 1665 837 1745 epud
857 1665 1037 1729 Turioenses
1058 1667 1296 1742 olerissimus,dt
1308 1674 1357 1734 Jo.

246 1749 325 1814 l'rid.
340 1754 486 1830 Herelius,
500 1757 652 1820 Professor
665 1759 816 1840 quondum
835 1760 1026 1828 Erfurtensis.
1067 1765 1266 1844 Hottiogerus
1278 1771 1356 1830 enim

169 1837 184 1872 ³
247 1847 392 1912 Libellum
415 1851 698 1918 enimedversiouunr
711 1855 742 1918 in
756 1857 898 1920 Velleium
912 1858 979 1920 inde
992 1862 1032 1923 sb
1045 1861 1130 1924 initio
1144 1879 1243 1943 usque
1257 1865 1300 1926 ed
1317 1882 1357 1928 11.

246 1941 296 2006 26.
311 1945 426 2030 publici
437 1948 514 2028 juris
528 1950 601 2014 lecit
622 1953 651 2012 in
676 1953 785 2014 Museo
804 1953 963 2018 Turioensi
980 1965 1068 2028 1781.
1088 1957 1154 2020 Vol.
1170 1976 1195 2021 1.
1216 1961 1312 2024 Tom.
1325 1973 1357 2028 2.

244 2057 313 2126 μς.
327 2043 499 2117 849-163.
513 2047 601 2110 orisin
615 2047 803 2112 exhibentem
818 2070 887 2114 sene
900 2051 1033 2126 dootoor,
1047 2064 1233 2130 securstem,
1246 2069 1278 2121 et
1291 2079 1357 2121 mo·

244 2137 370 2214 desum,
394 2142 519 2223 vestigio
544 2143 611 2206 libri
635 2147 741 2208 vetusti
763 2158 955 2230 prementem.
997 2151 1109 2214 Proeter
1129 2152 1182 2214 lues
1207 2155 1288 2218 idern
1311 2159 1357 2221 vir

244 2230 352 2298 doetus
376 2237 448 2300 elles
469 2238 592 2302 ineditos
613 2245 839 2308 communicavit
858 2265 928 2310 oum
951 2245 1081 2324 Herebo,
1095 2250 1210 2331 qniees
1227 2252 1356 2319 intexuit

243 2331 355 2408 pertine
369 2333 429 2394 suis
441 2335 688 2400 Anootetionibos
702 2341 822 2418 criticis,
837 2341 1000 2426 dequibus
1015 2365 1083 2408 mor
1097 2345 1269 2424 dicendum,
1284 2372 1355 2432 pse·

242 2422 295 2486 tim
309 2426 349 2487 ed
362 2437 409 2490 nte
429 2447 536 2492 norem
559 2431 720 2496 editionem
742 2448 896 2518 parentem
923 2441 1104 2516 transmisitr
1125 2465 1253 2526 querum
1275 2453 1353 2512 ratio

244 2517 346 2584 lmbits
358 2533 401 2585 est
415 2525 476 2587 suis
489 2525 563 2590 locis
576 2529 605 2591 ln
620 2529 752 2595 editione
767 2555 832 2596 mes
845 2535 989 2617 lipsiensi
1006 2545 1094 2602 1800:
1114 2542 1200 2606 Alter
1208 2546 1351 2610 Herelius

243 2616 370 2692 primunr
383 2620 530 2685 ediderat:
553 2625 705 2692 Kritisobe
728 2631 1069 2715 Beobsolrtnugeniiber
1091 2635 1139 2700 die
1163 2640 1271 2704 Roem.
1288 2647 1352 2706 Ge·

243 2709 376 2776 sobiolrte
386 2715 440 2778 dee
450 2719 589 2783 Velleius.
602 2723 714 2788 Errare.
725 2735 814 2801 1791.
830 2739 861 2792 t.
883 2730 973 2792 Hune
986 2731 1104 2808 librum,
1114 2734 1224 2798 deiude
1237 2749 1352 2804 retrec-

242 2811 349 2881 tstum,
362 2819 401 2882 et,
412 2811 488 2875 locis
499 2814 598 2877 dubiis
606 2827 636 2879 et
646 2823 794 2902 suspectis
802 2843 855 2903 per
863 2833 961 2888 totum
973 2828 1148 2909 scriptorem
1156 2832 1213 2893 sub
1224 2855 1351 2899 examen

241 2903 353 2966 rooetls
370 2915 400 2966 et
423 2907 594 2986 conjecture
619 2917 748 2989 tentetis.
772 2928 905 2994 suetum,
929 2922 986 2985 sub
1000 2922 1097 2989 indioe
1111 2929 1349 2997 Anootetionum

242 2999 410 3062 oritieerum
432 3004 470 3065 ed
496 3005 651 3083 Velleium,
675 3011 712 3076 ed
732 3014 847 3078 ootcem
871 3016 1008 3082 editionis
1025 3032 1132 3088 11111111
1145 3027 1348 3110 evulgandum

239 3098 388 3173 permisite
409 3122 471 3182 quo
495 3122 564 3166 sens
589 3107 705 3182 meruit,
730 3121 765 3172 ut
783 3111 859 3176 inter
878 3117 1081 3182 emendstoree
1094 3123 1199 3184 Velleii
1212 3142 1347 3208 11131111,

240 3189 359 3270 nouos,
373 3197 612 3264 fomilierirsimos
626 3223 694 3266 curn
708 3216 831 3271 auctore
846 3229 910 3286 eoo,
925 3223 955 3274 et
970 3214 1118 3296 elegentes
1132 3235 1347 3288 numeraretur.

281 3289 316 3349 lu
330 3292 578 3360 Obserrstionom
593 3297 761 3364 criticenum
774 3305 804 3366 in
818 3309 913 3370 varios
926 3312 1084 3394 scriptores
1094 3315 1201 3380 libellis
1216 3321 1349 3386 etteeon

237 3384 396 3448 slterumre
416 3391 520 3452 Velleii
548 3396 647 3458 locum
671 3407 830 3478 tentarunt,
850 3405 977 3485 primum
999 3412 1050 3474 lo.
1065 3413 1124 3476 Ad.
1138 3413 1288 3480 Nodellus
1315 3421 1347 3482 in

238 3479 411 3544 criticorum
426 3486 677 3554 Obserretionum
700 3495 812 3572 libello,
834 3501 957 3583 eompn
975 3513 1062 3578 1781.
1078 3527 1146 3592 esp.
1160 3519 1192 3582 7.
1205 3533 1278 3596 psg.
1294 3525 1345 3588 79.

236 3575 344 3640 deindo
357 3579 502 3646 Evoruin.
522 3586 761 3670 Wsssenbergius
785 3595 814 3656 in
833 3603 843 3632 ¹
858 3599 940 3662 Dies.
955 3601 992 3664 de
1006 3604 1174 3670 nominibus
1187 3611 1346 3676 bominem

235 3685 267 3737 et
279 3677 411 3740 tonorum
424 3681 559 3761 propriis,
574 3683 756 3753 librariorum
780 3694 869 3776 culpe
885 3699 986 3762 sliisre
999 3702 1038 3766 de
1051 3706 1151 3770 oeueis
1164 3707 1196 3770 in
1209 3719 1347 3787 veterum

236 3773 413 3853 scriptorum
440 3776 521 3840 libris
546 3779 714 3864 frequenter
734 3789 899 3856 obliteratis
920 3808 973 3860 eut
996 3800 1126 3864 sitistis-³
1145 3805 1344 3887 insequere

237 3877 326 3943 1790.
342 3880 461 3949 1111.
477 3885 539 3940 111111
553 3882 600 3942 Jo.
615 3883 717 3970 Sterle
741 3887 771 3948 in
797 3889 1008 3971 Suspleionum
1028 3896 1196 3964 oritiesrusu
1209 3903 1300 3984 Sper„
1315 3923 1342 3968 1.

233 3984 301 4046 oep.
317 3977 347 4032 3.
362 3971 441 4049 quod
454 3973 593 4039 insertum
608 3989 655 4042 est
667 3982 751 4044 Actis
774 3985 833 4048 lit.
859 3989 1017 4063 Sociststis
1039 3993 1343 4077 ntenoTnjecrioe

237 4067 322 4128 1791.
344 4061 433 4130 Toni.
447 4081 470 4128 t.
490 4069 616 4154 denique
630 4077 678 4139 lo.
692 4077 827 4145 llildebr.
843 4084 1052 4154 Wittbotiusin
1064 4091 1141 4160 Krit.
1156 4095 1347 4176 1111111111-
