2948 4862
407 421 457 470 nn
479 421 612 472 ornare
636 421 791 472 vnnnnn
816 425 971 478 rnnocn.
1192 419 1237 485 ra

139 555 219 650 post
232 562 449 630 Macedonici
471 565 562 649 regni
585 569 723 646 exitum,
743 567 1018 656 Carthaginisque
1041 580 1074 640 et
1088 574 1238 646 Corinthi

139 668 322 747 excidium,
332 687 382 732 ex
397 687 465 751 quo
479 669 555 732 in'de
569 669 635 734 illm
652 669 877 752 deflorescere,
892 675 945 740 bre
963 695 1042 741 vero
1055 678 1236 746 increscere

138 777 322 854 coeperunt,
338 771 495 835 lectorum
508 779 635 837 mentes
644 773 793 840 Velleius
809 775 852 840 ad
867 796 940 842 eam
953 799 1035 860 rern,
1050 799 1125 864 quae
1140 801 1238 847 suum

139 873 288 936 animum
309 875 517 940 vehementer
539 877 752 959 percellebat,
775 881 927 958 intendit,
951 881 1008 964 qni
1027 883 1153 949 scilicet
1168 885 1238 949 iae·

137 979 209 1039 tum
224 975 279 1052 sit,
288 981 325 1040 ut
339 995 470 1040 summa
483 977 651 1042 literarum
663 982 845 1066 artiumque
857 981 1095 1066 cujuscumque
1109 987 1238 1067 generis

138 1076 299 1158 perfectio
313 1079 398 1142 inter
418 1083 593 1162 utrumque
618 1081 780 1164 populum
805 1089 941 1165 angusto
960 1085 1114 1167 temporis
1129 1087 1238 1170 spatio
1310 1155 1313 1162 ,

138 1175 312 1244 finireturl
358 1178 461 1258 Quod
482 1183 529 1245 ita
553 1183 707 1246 evenisse
730 1184 764 1247 in
787 1184 922 1266 singulis
944 1186 1118 1267 generibus
1130 1185 1237 1268 docet,

139 1276 331 1362 causasque
346 1279 493 1362 indagat,
508 1281 701 1367 adjicitque,
722 1284 810 1368 quod
831 1305 899 1349 non
923 1287 1032 1350 minus
1055 1289 1237 1354 mirandum

137 1383 223 1459 erat,
240 1379 440 1446 Graecorum
453 1383 585 1464 ingenia
606 1389 706 1467 atque
726 1395 813 1449 artes
832 1387 907 1450 unis
929 1385 1069 1452 Athenis
1082 1389 1150 1453 iere
1164 1409 1238 1455 esse

138 1483 301 1548 melosae.
332 1481 414 1549 Vid.
439 1500 464 1548 1.
487 1483 599 1550 16-18.
653 1487 785 1551 Deinde
810 1493 888 1571 post
910 1487 1127 1555 Gracchanas
1152 1491 1239 1556 sedi-

137 1585 257 1663 tiones,
273 1586 362 1650 oirca
380 1607 464 1670 quas
487 1587 584 1651 initia
602 1589 768 1654 literarum
789 1589 1015 1656 Romanarum
1037 1591 1239 1659 efflorescen-

137 1681 404 1770 tium,'inpri'mis
419 1691 573 1755 oratoriae
589 1689 682 1768 artis,
696 1691 859 1770 incidunt,
876 1713 1007 1758 summa
1019 1678 1151 1778 ingenia
1166 1715 1241 1760 ora·

138 1783 259 1866 tor'um,
283 1789 470 1871 poetarum,
496 1795 531 1854 et
556 1791 786 1856 historicorum
815 1793 912 1877 hujus
934 1798 967 1858 et
988 1795 1134 1878 proximi
1161 1798 1237 1876 tevi,

137 1889 232 1955 brevi
255 1908 331 1952 eum
352 1889 498 1973 judicio,
526 1897 703 1962 enumerat.
736 1891 817 1957 Vid.
842 1911 881 1957 ιι.
896 1895 927 1958 9.
973 1895 1096 1980 Neque
1118 1897 1237 1975 minus,

138 1997 322 2076 postquam
345 1993 490 2057 narratio
514 1991 556 2055 ad
584 1991 754 2058 Ciceronis
780 1995 1001 2073 consulatum,
1026 2015 1046 2059 a
1070 2016 1138 2080 quo
1164 1998 1239 2063 inde

138 2091 284 2176 Augusti
298 2099 395 2172 aetas,
410 2101 444 2158 et
456 2095 653 2178 eloquentiae
667 2095 899 2180 literarumque
915 2095 1139 2161 Romanarum
1154 2107 1239 2162 cete-

139 2197 247 2260 rarum
263 2215 391 2260 summa
405 2195 563 2280 perfectio
580 2195 710 2279 incipit,
734 2197 835 2284 hujus
854 2198 918 2264 aeri
940 2199 1135 2266 excellentia
1147 2200 1237 2284 inge-

140 2299 195 2361 nia
208 2297 252 2361 ad
269 2317 332 2362 sua
346 2317 454 2382 nsque
468 2305 617 2382 tempora
631 2305 786 2365 recenset.
831 2299 865 2365 V
866 2299 910 2365 id.
924 2317 965 2363 11.
978 2301 1033 2365 36.

144 2409 149 2422 ·
180 2396 262 2464 Jam
285 2399 468 2478 videamus,
495 2401 661 2485 quomodo
683 2407 716 2466 et
738 2403 878 2467 oratoris
898 2402 996 2485 quasi
1011 2409 1122 2486 partes
1135 2406 1238 2486 egerit

139 2497 317 2564 historicus
331 2508 460 2566 noster.
505 2501 586 2586 lpse
609 2503 695 2569 enim
718 2522 825 2566 rerum
846 2504 936 2567 varie
953 2503 1166 2568 afficientium
1182 2503 1238 2566 de-

139 2599 246 2665 lectus
260 2600 434 2666 incendere
449 2601 591 2668 debebat
610 2603 757 2668 animum
773 2603 960 2681 scribentis,
976 2622 1119 2688 eumque
1135 2604 1238 2668 sensi·

138 2703 201 2766 bus
214 2704 306 2766 varie
320 2704 369 2767 ita
383 2713 602 2782 commovere,
617 2709 654 2769 ut
667 2703 766 2768 facile
781 2703 987 2768 affectionem
1000 2704 1105 2769 verba
1118 2723 1238 2789 seque·

138 2803 262 2882 rentur,
282 2791 423 2869 eandem
448 2807 610 2871 lectorum
637 2807 755 2871 animis
777 2805 977 2873 instillantia.
1022 2805 1092 2872 Hic
1108 2809 1239 2890 gravior

126 2919 248 2970 'rerum
261 2912 489 2971 enarraturum
503 2927 632 2986 sensns,
650 2913 683 2972 et
704 2907 846 2987 animus,
869 2909 923 2972 rel
944 2909 1170 2988 admiratione,
1185 2911 1238 2974 vel

137 3001 378 3090 indignatione,
388 3007 442 3074 vel
457 3009 681 3087 miseratione,
690 3008 745 3073 vel
758 3007 877 3074 laetitia
887 3011 1070 3092 ceterisque
1082 3009 1238 3093 perinsus

137 3109 268 3192 ubique
283 3112 397 3193 spirat,
422 3115 457 3174 et
477 3109 578 3174 variis
593 3108 860 3195 propositionum
881 3116 915 3173 et
936 3111 1096 3176 orationis
1109 3110 1237 3188 formis,

139 3223 227 3296 quas
241 3211 362 3293 iigrrras
380 3203 563 3296 appellant,
586 3231 728 3296 qumque
751 3209 949 3275 naturaliter
970 3211 1117 3285 animum
1137 3213 1236 3277 vehe-

137 3319 267 3378 menter
287 3311 438 3377 affectum
464 3319 657 3396 sequuntur,
679 3313 1001 3394 interrogationibus,
1021 3313 1236 3379 exclamatio-

136 3413 249 3496 nibus,
266 3413 492 3498 apostropbis,
508 3413 697 3499 anaphoris,
711 3413 956 3498 polysyndetis,
973 3411 1154 3496 asyndetis,
1174 3415 1240 3480 tw.

140 3531 216 3580 sese
240 3515 412 3600 patefacit.
457 3517 574 3602 ltaque
599 3523 634 3580 et
657 3517 787 3581 omnino
812 3516 973 3600 majorem
999 3515 1095 3597 quasi
1121 3533 1236 3580 sonum
1334 3600 1337 3607 Ι

138 3619 235 3681 vocis
261 3618 392 3684 addidit
412 3619 574 3697 bistoriae,
598 3625 635 3682 et
656 3617 802 3685 maxime
823 3617 855 3682 in
875 3616 990 3682 ultima
1005 3617 1114 3699 operis
1128 3624 1237 3698 parte,

139 3717 257 3803 inqua
277 3723 409 3804 penibrs
432 3720 649 3786 admiratione
670 3724 703 3783 et
725 3721 850 3803 pietate
872 3718 907 3783 in
928 3717 1119 3800 Augustum
1137 3717 1237 3781 Tiba-

137 3819 290 3906 riamque
305 3821 460 3906 perinsus
474 3827 536 3900 est,
552 3821 596 3886 ad
609 3819 840 3904 panegyricam
850 3819 917 3885 iere
928 3820 1109 3884 orationem
1124 3835 1238 3881 ascen·

139 3921 198 3989 dit.
246 3921 297 3988 ct
312 3927 463 4008 inprimis
479 3941 519 3990 11.
535 3923 766 4008 126.129.sq.
811 3921 948 4005 Ubique
962 3922 1061 3984 etiam
1076 3919 1182 4001 aperit
1201 3937 1238 3984 so

136 4023 287 4088 studium
310 4025 566 4110 magnitudinem
595 4029 712 4090 sensus
738 4023 790 4088 sui
816 4024 988 4087 verborum
1016 4019 1238 4103 magnitudine

136 4128 356 4212 exaequandi,
386 4127 477 4214 quod
505 4145 740 4211 nonnunquam
768 4124 900 4189 modum
933 4122 1106 4204 excedere,
1140 4123 1238 4188 etin

135 4229 245 4316 majus
261 4249 386 4316 augere
400 4229 455 4299 vel
469 4249 524 4298 res
535 4230 591 4299 vel
604 4245 764 4315 personas
775 4217 923 4310 videtum
944 4225 1068 4312 ubique
1080 4226 1237 4304 studium,
