2948 4862
230 369 275 432 20
631 374 924 424 PROLRGOMENA.

229 526 340 612 prouti
361 544 503 610 quaque
527 525 687 599 senserat,
709 519 869 586 orationis
890 515 1068 584 luminibus
1089 515 1324 602 distinguendi,

228 629 383 711 omnique
405 628 678 701 ornamentorum,
697 625 867 706 troporum
889 617 1086 696 efficacium,
1105 618 1324 706 spinetorum

226 728 507 810 gravissimorum,
521 728 581 790 &e
595 743 713 808 genere
727 722 920 788 instruendi.
943 719 1131 786 Eonrndem
1144 719 1324 789 affectuum

226 828 362 894 modum
375 827 567 892 naturaliter
578 827 725 909 seqnitur
736 824 790 892 vel
802 824 947 890 brevitas
956 821 1125 900 orationis,
1139 822 1195 888 uel
1209 821 1322 906 eopia,

225 933 311 996 inter
324 949 361 996 se
380 931 508 996 mixtae.

270 1030 474 1115 Frequentius
502 1048 638 1113 quoque
666 1027 756 1113 apud
785 1025 951 1093 Velleium
978 1030 1053 1091 sunt
1081 1025 1263 1103 sententiae,
1288 1027 1323 1088 et

225 1133 459 1198 mnteutiosum
481 1131 612 1196 dicendi
639 1149 756 1212 genus,
789 1129 878 1212 quod
901 1146 1034 1212 prorsus
1058 1127 1236 1194 oratorium
1258 1129 1322 1192 est.

226 1233 304 1298 Non
319 1234 425 1298 solnm
439 1233 537 1311 enim,
553 1251 630 1316 quae
645 1230 735 1296 finite
756 1230 799 1294 de
823 1229 922 1296 certis
936 1231 1100 1313 personis,
1114 1230 1227 1306 rebus,
1241 1231 1323 1294 tem·

225 1336 429 1420 potibusque
443 1333 686 1420 pronuntianda
707 1337 810 1410 erant,
832 1350 874 1396 ea
896 1330 1027 1396 infinita
1041 1331 1188 1397 oratione
1202 1347 1322 1414 propo·

223 1437 283 1513 nit,
307 1443 342 1500 et
364 1437 496 1518 singula
518 1437 582 1500 sub
602 1452 719 1518 genere
742 1433 896 1498 universo
917 1430 1173 1516 comprehendit,
1199 1448 1230 1493 v.
1246 1449 1277 1494 o.
1294 1445 1322 1494 ι.

223 1537 277 1602 12.
303 1553 345 1601 ιι.
357 1537 389 1602 3.
404 1537 478 1602 128.
488 1542 549 1602 tre.
571 1536 743 1602 sedetiam
757 1534 885 1619 saepius
897 1534 1064 1599 immiscet
1076 1531 1321 1618 propositiones

223 1639 405 1716 universas,
419 1657 447 1702 s.
462 1639 672 1723 pronuntiata
683 1636 727 1701 de
740 1635 896 1700 universo
910 1635 1054 1720 quodam
1067 1653 1175 1700 rerum
1190 1651 1321 1715 genera

221 1739 275 1803 vel
289 1757 334 1803 ex
348 1739 424 1821 ipsa
436 1759 471 1803 re
488 1743 621 1802 narrata
639 1743 674 1802 et
697 1735 856 1802 similium
876 1736 1083 1819 experientia
1104 1736 1235 1812 bansta,
1261 1731 1320 1800 vel

222 1839 259 1902 in
273 1859 308 1904 re
321 1839 480 1922 singulari
498 1840 532 1903 in
546 1838 692 1904 animum
706 1839 880 1904 scribentis
894 1843 1060 1904 revocata.
1105 1835 1173 1902 His
1188 1840 1320 1902 senten·

221 1942 295 2021 tiis,¹
317 1962 394 2026 quae
410 1941 545 2026 quidem
562 1941 698 2006 lectoris
717 1942 863 2006 animum
882 1945 1006 2006 acuunt
1024 1945 1124 2024 atque
1138 1939 1319 2016 instruunt,

221 2043 268 2108 ita
281 2043 473 2108 creberrime
486 2042 588 2106 utitur
609 2040 775 2120 Velleius,
793 2046 840 2120 nt,
863 2061 939 2106 eum
954 2040 1054 2106 simul
1069 2041 1175 2108 aciem
1195 2039 1319 2123 ingenii

220 2151 254 2209 et
266 2145 386 2210 mentis
407 2144 604 2228 sapientiam
628 2144 800 2226 scriptoris
822 2143 983 2226 aperiant,
1004 2160 1252 2226 nonnunquam,
1268 2142 1319 2206 in-

219 2245 308 2328 genii
321 2246 486 2310 acuminis
501 2243 689 2310 ostentandi
703 2263 819 2322 cansa,
841 2245 940 2310 avide
954 2264 1015 2310 eas
1028 2252 1188 2330 captasse
1202 2243 1318 2308 videa-

220 2353 292 2428 tttr3
315 2346 407 2432 quod
420 2351 530 2412 tamen
544 2347 659 2412 aetafis
673 2346 798 2428 potius,
809 2365 912 2430 quam
924 2347 1098 2430 scriptoris
1111 2346 1223 2423 unius,
1234 2348 1317 2410 erat·

220 2447 289 2514 Hac
303 2448 475 2514 sententiae
491 2452 671 2512 occurrtmt
693 2445 890 2528 legentibus,
913 2445 963 2510 ccl
990 2447 1026 2510 in
1047 2443 1111 2512 fine
1132 2449 1180 2511 rei
1205 2447 1319 2532 cujus·

220 2549 296 2616 dam
310 2559 462 2628 narratae,
485 2554 521 2612 ut
539 2547 668 2633 judicia
682 2545 724 2612 de
739 2565 773 2610 re
792 2547 949 2632 exposita
963 2551 1137 2626 acuantur,
1150 2555 1317 2630 regantur,

218 2655 250 2714 et
264 2653 405 2734 sapienti
420 2650 566 2733 quodam
586 2654 760 2734 precepto
786 2649 886 2714 animi
909 2649 1119 2727 insbuantur,
1142 2669 1175 2714 v.
1191 2649 1316 2714 c01t2.

218 2752 273 2815 ll.
296 2767 336 2814 ιι.
350 2751 415 2827 10.,
437 2749 488 2812 oel
509 2752 544 2815 in
565 2751 761 2814 transitione
775 2749 820 2813 ad
835 2769 902 2813 rem
921 2769 1056 2830 novam,
1069 2769 1209 2834 eamque
1222 2769 1315 2832 mag·

216 2869 293 2916 nam
306 2851 504 2934 miramque,
526 2851 600 2916 sive
624 2852 667 2916 erl
688 2851 767 2916 talis
790 2852 836 2915 rei
858 2870 982 2917 nouum
1006 2857 1168 2930 eventum,
1190 2855 1260 2916 tum
1277 2855 1319 2918 ut

216 2957 386 3037 praeparet
407 2954 505 3035 quasi
529 2952 686 3030 animum,
708 2971 741 3017 v.
763 2972 795 3017 o.
821 2969 861 3017 ιι.
886 2953 940 3018 53.
962 2955 1016 3020 75.
1035 2957 1096 3022 ite.
1117 2961 1189 3020 tum
1211 2959 1248 3020 ut
1268 2953 1314 3020 de

215 3055 330 3120 causis
344 3073 455 3120 earum
469 3056 711 3133 communibus,
734 3053 806 3120 sive
828 3055 864 3118 in
887 3055 1052 3120 communi
1072 3075 1194 3135 rerum,
1207 3055 1312 3120 homi·

214 3175 356 3242 numque
373 3164 501 3236 natura,
526 3159 600 3222 sive
623 3157 659 3222 in
677 3157 818 3223 iortmrse
841 3155 976 3222 arbitrio
999 3158 1070 3222 sitis
1104 3157 1154 3242 (v.
1169 3177 1200 3222 c.
1218 3171 1242 3220 1.
1258 3157 1312 3223 12.

216 3271 258 3324 ιι.
272 3257 328 3322 tto.
341 3260 395 3324 57.
411 3257 516 3342 118.),
534 3257 674 3334 erudiat.
718 3258 797 3337 Quo
812 3263 921 3323 autem
938 3259 1003 3324 hoc
1018 3277 1120 3343 genus
1134 3259 1314 3328 sententia·

125 3405 126 3410 1
214 3377 288 3424 rum
302 3361 450 3424 maxime
475 3359 716 3425 commendatur
736 3359 898 3438 acumine,
923 3359 959 3423 id
983 3361 1141 3444 quaesivit
1159 3360 1311 3442 inprimis

214 3457 366 3532 Velleius
378 3461 414 3524 in
430 3461 610 3540 antithetis,
619 3463 653 3526 in
667 3463 788 3546 quibus
804 3461 885 3526 illud
900 3463 1064 3527 contraria
1074 3462 1139 3525 sibi
1153 3443 1311 3540 invicem,

214 3561 397 3645 etquidem
417 3582 483 3626 non
503 3564 651 3647 cujusvis
673 3564 780 3628 oculis
804 3563 916 3641 obvia,
937 3561 1222 3646 deprehendendo,
1235 3581 1312 3645 per·

214 3663 397 3746 spiciendo,
410 3671 444 3728 et
457 3664 684 3728 concinnando
693 3683 768 3728 sese
782 3665 902 3747 prodit.
920 3665 1043 3730 Eadem
1057 3665 1132 3729 hese
1148 3663 1313 3734 antitheta

211 3770 347 3846 regnant
361 3783 492 3848 quoque
506 3765 540 3828 iu
554 3770 624 3829 tcto
639 3766 814 3847 scriptoris
835 3767 989 3830 narrandi
1001 3784 1126 3849 genere.
1159 3762 1204 3828 V.
1218 3783 1249 3830 e·
1268 3781 1309 3828 ιι.

212 3861 245 3929 1.
259 3867 291 3929 5.
305 3867 360 3932 49.
374 3885 425 3950 sq.
436 3864 490 3930 st.
503 3866 577 3929 117.
600 3863 701 3943 Quod
715 3886 792 3930 vero
808 3869 1027 3950 scriptoribus
1042 3866 1196 3932 acumina
1207 3864 1310 3930 nimis
1436 3915 1444 3932 .

211 3967 423 4049 captantibus
452 3967 602 4032 accidere
640 3966 736 4045 solet,
770 3977 805 4032 ut
834 3987 1071 4052 nonnunquam
1106 3971 1313 4049 arguentur,-

209 4063 360 4150 edeoque
379 4069 416 4133 in
440 4068 542 4154 frigus
563 4067 718 4153 putidum
739 4077 774 4132 et
793 4069 919 4152 puerile
936 4070 1095 4146 incidant,
1114 4070 1151 4133 id
1170 4086 1308 4151 quoque

208 4163 342 4234 Velleio
354 4169 504 4238 obvenit
545 4169 626 4238 vid.
643 4169 738 4238 ι.16.
752 4169 807 4240 18.
830 4185 871 4236 ιι.
883 4171 917 4236 4.
931 4169 988 4238 22.
1031 4167 1157 4236 Contra
1171 4169 1312 4238 concin.
