2948 4862
416 381 466 431 nn
487 383 621 434 oruurs
644 385 797 434 vnnunrr
823 385 976 436 runonr.
1197 373 1241 440 ss

666 769 715 846 ΙῙ.

414 977 465 1026 DE
487 977 621 1028 orsum
644 977 797 1028 vunnu
822 977 976 1029 lunone.

79 1159 81 1164 ’
187 1141 333 1210 Ornurs
347 1143 469 1211 Velieii
483 1145 599 1226 index,
634 1147 821 1212 ‘Historiae
837 1147 1001 1212 Romanae
1019 1144 1062 1211 ad
1082 1143 1132 1210 M.
1144 1143 1241 1212 vini·

142 1243 232 1310 emm
250 1245 425 1310 consulem
448 1246 488 1311 1..
507 1247 555 1310 rr!
578 1249 642 1312 sub
663 1267 731 1332 qno
756 1268 778 1313 a
799 1247 907 1312 Beato
922 1241 1084 1312 Rbenauo
1097 1248 1239 1330 primunr

141 1343 269 1412 editum
291 1353 354 1425 est,
378 1348 434 1412 vel
454 1349 594 1430 singulis
617 1349 752 1431 quidem
767 1349 905 1414 Codicis
926 1347 1069 1430 paginis,
1088 1348 1143 1412 vel
1165 1347 1241 1413 libri

140 1447 277 1527 ulterius
291 1449 387 1514 initio
405 1451 661 1534 superscriptus,
681 1451 742 1514 sed
757 1471 778 1515 a
796 1451 1004 1532 grammatici
1017 1467 1117 1513 manu
1129 1449 1241 1532 cujus

140 1545 233 1626 dam,
257 1550 419 1616 ambitum
445 1554 599 1635 opusculi
620 1552 709 1617 baud
732 1553 868 1635 penitus
887 1550 1133 1634 perspicientis,
1160 1555 1194 1614 et
1216 1567 1240 1616 a

141 1648 267 1728 potiori
289 1659 481 1731 argumento
501 1653 585 1716 illud
605 1653 820 1732 dimetientis,
838 1649 999 1735 praefixus
1013 1669 1089 1714 esse
1102 1649 1240 1716 videtur.

141 1745 313 1814 Velleinm
333 1753 419 1817 enim
438 1773 505 1818 non
524 1757 676 1836 proxime
698 1754 936 1829 Romanorum,
953 1754 1014 1816 sed
1030 1771 1166 1836 qnoque
1178 1771 1240 1818 ex·
1334 1801 1342 1808 -

142 1853 287 1916 terorum
309 1871 362 1918 res
379 1874 441 1937 pro
463 1856 574 1938 operis
595 1858 741 1939 suscepti
761 1854 899 1920 modulo
920 1860 1130 1937 persecutum
1152 1873 1239 1934 esse,

143 1967 186 2014 ex
212 1953 333 2034 prioris
351 1954 428 2019 libri
448 1956 643 2039 fragmentis
660 1963 808 2041 apparet.
854 1957 944 2020 Nam
963 1975 1039 2020 cum
1058 1956 1171 2020 statim
1195 1957 1239 2020 ab

139 2050 249 2130 initio,
278 2062 438 2137 qnantum
469 2065 635 2143 superest,
667 2059 807 2142 incipiat
835 2057 911 2122 inde
932 2076 954 2120 a
976 2055 1132 2133 Graeciae,
1159 2059 1240 2138 post

141 2151 257 2237 Trojoe
272 2157 450 2236 excidium,
470 2159 600 2226 fortuna
619 2169 653 2226 et
673 2159 970 2236 vicissitudinibus,
992 2176 1117 2240 easque
1135 2157 1240 2221 conu-

141 2261 232 2333 1¹⁰⁰i2
248 2257 446 2324 intermixtis
462 2280 524 2325 suo
539 2262 616 2328 loco
630 2269 663 2328 et
676 2268 838 2346 tempore,
854 2280 929 2344 quse
942 2258 988 2346 nd
999 2259 1173 2324 civitatum
1184 2257 1240 2324 vel

142 2353 340 2422 italicarum
372 2365 410 2439 (1.
435 2364 467 2426 1.
492 2365 526 2428 4.
548 2363 608 2448 7.),
629 2365 684 2429 vei
715 2364 930 2429 barbararum
959 2365 998 2436 (1.
1021 2359 1052 2422 2.
1083 2360 1141 2437 6.),
1174 2359 1239 2422 ori·

141 2457 235 2538 ¹gisnes
257 2463 453 2543 pertineant,
480 2485 587 2548 usque
606 2466 651 2530 ad
669 2464 777 2556 'Urbis
799 2459 939 2527 condite
962 2464 1108 2535 aurem,
1130 2479 1152 2524 a
1171 2477 1240 2541 qua

142 2557 219 2623 inde
232 2561 351 2644 ingene
366 2565 490 2630 lacuna
503 2568 625 2650 prioris
640 2568 716 2631 libri
736 2564 916 2632 maximam
936 2563 1075 2644 partem,
1090 2560 1242 2640 longam·

143 2678 207 2741 que
220 2681 330 2726 rerum
344 2671 378 2729 et
392 2685 551 2734 annorum
567 2669 695 2745 seriem,
717 2665 761 2730 ad
776 2665 936 2730 Perseum
956 2679 1063 2743 usque
1078 2657 1240 2724 Macedo·

141 2760 205 2826 niae
220 2781 332 2844 regem
357 2786 388 2829 a.
413 2766 456 2831 U.
473 2767 511 2832 G.
531 2769 606 2834 580.
629 2769 808 2843 devictum,
828 2763 959 2842 hausit;
981 2759 1156 2845 probabile
1173 2767 1239 2838 est,

142 2859 309 2930 Velleium
330 2868 435 2934 totius
448 2869 538 2934 orbis
560 2869 696 2952 antiqui,
715 2865 868 2950 inprimis
890 2881 969 2928 vero
990 2861 1103 2926 Graeci
1121 2864 1155 2924 et
1172 2859 1241 2932 Ita·

141 2962 211 3042 lici,
231 2985 332 3048 quem
351 2979 451 3034 nosse
470 2971 594 3034 civium
607 2989 740 3034 suorum
755 2967 899 3032 maxime
918 2964 1082 3038 intererat,
1097 2962 1239 3043 origines

139 3067 487 3152 commutationesque
502 3087 578 3134 esse
593 3069 816 3152 complexum,
832 3067 935 3132 donec
949 3063 1043 3128 adea
1056 3062 1240 3144 pervenerit

65 3209 71 3226 .
141 3169 301 3248 tempora,
316 3170 450 3250 quibus,
466 3177 504 3236 ut
516 3171 690 3254 imperium
705 3169 931 3236 &manorum
942 3171 1099 3230 terrarum
1113 3163 1241 3240 orbem,

140 3265 189 3330 ite
201 3285 318 3332 eorum
333 3270 473 3336 historia
483 3277 664 3340 ceterorum
676 3271 874 3356 populorum
888 3285 940 3332 ros
954 3270 1066 3347 gestas
1080 3262 1239 3341 hauserit,

142 3370 240 3449 quasi
262 3377 298 3435 et
321 3373 358 3436 in
379 3373 416 3437 ie
438 3373 727 3459 comprehenderit,
772 3367 816 3434 Et
834 3371 908 3436 haee
929 3364 1061 3450 quidem
1082 3371 1157 3428 suut
1181 3363 1240 3428 ilia

142 3473 303 3552 tempora,
318 3475 451 3556 quibus,
473 3474 700 3540 Macedonum
717 3491 818 3555 regno
838 3470 960 3545 deleto,
975 3466 1240 3548 carmeginaqua

143 3573 177 3631 et
195 3567 354 3637 Corintho
377 3575 513 3652 excisis,
539 3575 683 3640 Romani
702 3575 864 3657 reliquum
885 3571 998 3636 orbem
1019 3566 1158 3649 imperio
1173 3581 1239 3632 suo

143 3669 366 3754 subjecerunt,
402 3678 614 3759 omniumque
648 3675 848 3759 populorum
882 3672 1046 3735 sommam
1074 3664 1239 3730 moderati

142 3779 247 3837 suut.⁴
273 3773 393 3858 ltaque
403 3795 425 3840 a
440 3777 565 3844 Perseo
576 3775 653 3843 inde
663 3777 755 3840 victo
766 3772 921 3838 continua
930 3771 1033 3854 pergit
1046 3785 1153 3832 rerum
1168 3762 1238 3826 Ro-

141 3889 310 3940 manarum
326 3878 491 3943 enarratio
503 3878 547 3943 ad
561 3877 669 3944 Liviae
684 3895 792 3958 usque
807 3874 945 3950 obitum,
961 3891 991 3936 a.
1006 3869 1051 3934 U.
1067 3867 1105 3931 C.
1119 3864 1194 3928 782.

184 3974 225 4040 In
247 3979 352 4060 priori
376 3987 485 4044 autom
507 3979 619 4064 operis
643 3977 769 4043 Velleii
795 3983 892 4061 parte
920 3972 1072 4036 mutilata
1096 3966 1239 4030 Grecos
1291 4049 1296 4060 ³

142 4075 250 4158 eginum
263 4075 414 4162 potiores
429 4087 550 4163 partes,
566 4085 656 4164 patet
667 4078 809 4163 primum
823 4076 878 4140 vai
891 4092 937 4138 ex
950 4059 1036 4155 ipsis
1054 4069 1151 4172 bujus
1163 4085 1237 4150 par-

142 4177 183 4246 tit
194 4179 356 4278 reliquiis,
370 4201 455 4268 quas
468 4180 663 4256 Grteeourm
677 4199 729 4248 res
748 4178 793 4244 ad
812 4176 937 4242 Urbem
950 4189 1055 4256 usquo
1069 4168 1237 4238 candum
