2948 4862
214 366 259 434 26
351 379 399 435 un
423 377 575 426 vucuuu
601 374 776 440 incuruo,
797 373 980 436 somnus,
1003 373 1049 423 nr
1072 375 1174 426 suun.

214 529 321 604 cento,
345 522 471 589 Velleii
492 520 646 587 imitatio.
699 505 791 583 Inter
815 535 899 602 quos
922 515 1204 586 studiosissimum
1237 513 1309 605 orm·

214 627 344 704 ceteris,
358 622 419 690 sed
432 623 530 706 louge
543 621 729 686 interiorem
742 620 898 686 aemulum
909 620 1027 686 hebuit
1042 619 1232 704 Sulpicium
1251 621 1309 688 Se·

215 745 340 796 verum.
384 723 454 790 Sed
468 723 638 790 Lucanum
662 741 797 808 quoquo
819 722 954 806 potitam
974 722 1154 788 dictionem
1180 731 1217 788 et
1235 719 1310 790 seu'·

215 830 394 896 tentiurum
406 826 552 892 colorem
565 845 588 892 s
603 824 730 890 Nostro
744 830 930 892 mutuatum
944 843 1030 906 csse,
1048 823 1149 890 focile
1170 843 1216 890 ex
1230 827 1309 894 utri·

215 949 322 1016 usque
336 929 585 1012 comparatione
599 927 822 1011 cognoscitur.

256 1029 559 1108 Tuliecontemtu,
583 1049 651 1114 quo
671 1028 839 1095 laboravit
859 1026 1024 1108 Velleius,
1046 1045 1132 1113 eque
1154 1028 1312 1100 codicum

216 1134 291 1218 ejus
304 1131 440 1198 raritute
455 1130 658 1214 intelligitur,
668 1150 738 1209 cur,
754 1135 876 1216 praeter
882 1131 1028 1210 unicum,
1039 1131 1141 1216 idque
1149 1132 1311 1216 exigurun

215 1236 430 1319 fragmentum
444 1234 533 1317 apud
549 1233 715 1299 Priscian.
730 1249 780 1298 vr.
794 1253 830 1316 p.
844 1233 923 1298 706.
964 1231 1062 1298 ‘Nec
1075 1232 1186 1298 minus
1200 1233 1312 1300 clarus

217 1355 260 1403 es
277 1340 471 1420 tempestate
492 1335 557 1400 fuit
581 1332 749 1400 Miltiadis
773 1334 877 1414 filius,
900 1332 1040 1413 cimon:
1068 1333 1196 1399 nullum
1218 1333 1312 1404 aliud

217 1443 386 1522 repertum
400 1437 454 1502 sit
497 1436 589 1502 Nam
613 1437 829 1518 fragmentum
850 1437 892 1502 (le
914 1435 1097 1500 Sueverum
1110 1455 1130 1500 e
1144 1434 1312 1503 Romanis

217 1538 365 1614 victoris,
382 1537 510 1620 quode
532 1536 656 1603 Velloii
667 1536 821 1602 Historia
833 1535 967 1604 Gallice
986 1541 1180 1621 excerptum
1192 1537 1312 1620 vulge-

218 1638 269 1705 vlt
280 1635 406 1722 Wollg.
422 1636 545 1702 Lanius
568 1635 697 1702 Comm.
711 1636 755 1701 dc
776 1636 867 1722 Rep.
887 1637 989 1702 Rom.
1004 1653 1028 1700 1.
1042 1637 1074 1702 Θ.
1095 1657 1163 1702 non
1177 1637 1314 1717 Nostri,

218 1737 281 1806 sou
294 1735 387 1804 Gelli
410 1737 595 1821 cujusdam,
620 1737 678 1821 qui
692 1735 805 1802 Caroli
819 1737 872 1804 Μ.
886 1743 985 1804 uctste
998 1739 1181 1823 scripserit,
1195 1737 1312 1806 docuit

215 1839 302 1924 jum,
316 1842 438 1923 proter
462 1839 559 1920 ulios,
582 1838 627 1906 G.
641 1838 675 1905 J.
688 1837 838 1905 Vossius
851 1841 894 1906 de
908 1840 1040 1907 Hister.
1055 1839 1132 1906 Lat.
1147 1857 1173 1904 1.
1186 1841 1242 1906 24.
1265 1841 1310 1914 of.

220 1939 352 2008 Fabric.
368 1938 458 2007 Bibl.
472 1940 547 2009 Lot.
560 1937 602 2007 Τ.
618 1956 658 2005 ιι.
670 1959 706 2026 p.
719 1939 773 2006 22.
787 1959 839 2026 sq.

656 2117 726 2186 JO.
748 2104 939 2188 cHRIsT.
961 2117 1079 2190 HEN.
1100 2116 1309 2189 KBAUSE.
