2948 4862
210 334 235 398 o
612 349 904 402 renascentur.

212 511 284 561 ram
299 511 413 576 gerere
425 493 541 560 liceret
560 491 610 578 (v.
628 495 790 560 Dodwell.
808 497 966 562 Praelect.
982 495 1025 560 ad
1040 495 1209 581 spartian·
1233 498 1307 578 Ha·
1361 509 1362 512 ’

211 603 316 666 dnae.
340 603 368 684 §.
382 600 414 663 8.
430 605 465 660 et
479 593 561 678 lt),
583 583 733 680 allicitur,
744 597 918 690 Velleinm,
933 604 983 663 tot
997 617 1101 663 annos
1115 605 1185 664 turn
1208 620 1308 682 agen·

212 709 291 778 tem,
314 706 426 764 natum
453 697 560 761 fuisse
581 717 612 760 a.
629 696 673 760 U.
687 697 726 761 0.
741 698 817 763 735.
840 718 907 781 quo
926 698 1100 780 Virgilius,
1123 700 1308 784 Septembri

212 818 339 874 mense,
361 806 510 862 mortuus
531 804 591 875 est,
614 805 648 863 et
668 800 814 882 quidem,
838 819 913 866 eum
927 799 1059 882 poetam
1077 802 1159 864 inter
1174 802 1228 866 sui
1242 801 1308 868 mvi

212 903 346 984 ingenia
359 907 542 975 recenseat,
556 906 630 963 ante
644 901 741 984 bujus
756 900 895 964 obitum.
918 899 970 964 cf.
987 917 1027 963 ιι.
1042 901 1097 966 36.

257 1001 426 1087 Majomm
448 999 583 1076 Velleii,
616 1001 658 1065 ad
689 1020 776 1082 quos
801 1001 959 1065 memoria
991 1001 1063 1084 ejus
1095 1001 1308 1083 exsurgebat,

212 1104 350 1168 ultimus
375 1109 445 1166 erat
473 1101 598 1166 Decius
625 1101 771 1183 Magius,
795 1102 1036 1185 Campanorum
1068 1101 1237 1185 princeps,
1259 1103 1309 1166 rir

212 1205 302 1270 bello
317 1204 448 1268 Punico
463 1204 568 1268 altero
590 1204 634 1267 ob
656 1203 754 1272 fidem
769 1205 929 1286 insignem
946 1202 1108 1269 Romanis
1123 1204 1309 1286 praestitam

211 1312 249 1372 ut
261 1305 476 1380 clarissimus,
491 1304 540 1370 ita
556 1304 739 1370 Hannibali
753 1304 997 1380 infestissimus,
1013 1305 1109 1388 cujus
1125 1306 1158 1368 in
1175 1304 1310 1382 vincula

213 1407 361 1491 conjecti
374 1411 407 1469 et
422 1404 652 1486 Carthaginem
675 1405 854 1486 deportati,
878 1411 914 1468 at
934 1405 969 1469 in
983 1405 1100 1475 itinere
1114 1409 1310 1486 tempestate

214 1529 260 1574 ex
282 1509 426 1572 bostium
441 1507 595 1570 manibus
609 1507 727 1589 erepti,
742 1505 908 1580 fortunam
924 1506 1042 1570 Livius
1058 1523 1175 1570 xxru.
1190 1506 1310 1570 7-10.

127 1623 130 1630 ’
206 1609 326 1684 tradit.
381 1609 495 1692 Hujus
518 1626 634 1689 nepos,
664 1606 839 1681 Minatiusx
854 1606 1001 1688 Magius,
1033 1606 1154 1670 Velleii
1176 1613 1309 1689 atavus,

213 1711 303 1775 bello
329 1709 446 1774 sociali
470 1707 585 1772 eadem
609 1705 686 1783 fide,
714 1707 915 1790 auxiliisque
937 1701 1070 1789 privato
1095 1707 1234 1772 consilio
1266 1725 1310 1788 eg

214 1811 371 1894 Hirpinis
393 1810 556 1885 adductis,
579 1809 629 1872 ita
652 1809 694 1872 de
717 1807 879 1872 Romanis
900 1809 1036 1872 meritus
1059 1815 1122 1884 est,
1142 1812 1179 1869 nt
1192 1805 1310 1890 ipsein

214 1911 382 2003 civitatem
396 1910 605 1990 reciperetur,
628 1909 766 1993 ejusque
784 1907 844 1971 tilii
856 1908 900 1972 ad
919 1921 1098 1992 praeturam
1112 1927 1218 1992 usque
1233 1925 1310 1988 eve7

213 2011 374 2076 iterantur.
416 2008 496 2073 Vid.
512 2025 552 2072 ιι.
567 2009 622 2074 16.
666 2011 721 2073 Ab
746 2009 799 2074 bis
822 2009 946 2091 Magiis
974 2011 1099 2075 Noster
1125 2028 1229 2092 genus
1254 2008 1310 2071 de·

215 2113 314 2176 duxit
336 2112 389 2176 vel
411 2119 607 2187 maternum,
631 2111 695 2187 vel,
717 2118 755 2176 ut
776 2110 970 2176 Dodwellus
991 2117 1098 2196 putet,
1123 2109 1311 2192 Magiorum

215 2214 362 2296 quodam
376 2213 410 2275 in
424 2211 589 2276 Velleiam
605 2212 857 2278 Paterculorum
879 2220 1007 2294 gentem
1023 2209 1195 2295 adoptato,
1210 2212 1311 2296 etiam

213 2319 395 2398 paternum.
1187 2367 1192 2374 .

264 2414 289 2478 E
307 2414 444 2478 Velleiis
465 2415 617 2482 ultimum
638 2417 755 2483 laudat
777 2419 900 2482 Noster
923 2437 1022 2482 avum
1046 2435 1153 2492 suum,
1176 2412 1215 2477 0.
1229 2411 1311 2478 Vel·

188 2515 326 2593 ¹leium,
349 2515 447 2598 cujus
472 2516 640 2595 bonorem,
666 2538 785 2582 munus
807 2519 948 2582 militare
980 2519 1015 2580 in
1039 2519 1188 2582 exercitu
1213 2515 1311 2580 Bruti

215 2611 404 2698 Cassiique,
424 2616 567 2682 animum
593 2637 670 2698 erga
693 2618 923 2696 Octavianum,
946 2619 1090 2702 vitaeque
1113 2617 1239 2682 exitum
1261 2615 1310 2699 (a.

82 2747 85 2754 -
215 2715 260 2778 U.
276 2715 315 2778 C.
330 2713 422 2797 714.)
443 2724 558 2780 auctor
579 2718 653 2798 ipse
676 2733 715 2780 ιι.
729 2719 782 2782 76.
798 2719 939 2782 breviter
953 2728 1092 2784 enarrat.
1136 2719 1189 2783 De
1204 2723 1310 2801 patre,
1414 2763 1417 2772 .

213 2835 304 2892 vero,
318 2834 416 2899 quem
437 2817 632 2880 nominatim
657 2837 723 2882 non
744 2819 871 2896 laudat,
886 2825 1007 2902 praeter
1020 2819 1211 2901 dignitatem
1224 2837 1310 2902 prae·

198 2915 295 2979 'lecti
316 2915 474 3000 equitum,
496 2919 709 2984 memorabile
730 2919 812 2984 nibil
834 2919 943 2985 refert
976 2919 1055 2986 Vid.
1081 2937 1120 2983 ιι.
1144 2920 1219 2984 104.
1263 2918 1311 2984 At

214 3021 351 3102 patruus
366 3017 451 3100 ejus,
468 3015 601 3100 Capito,
623 3021 684 3101 qui
703 3021 845 3092 fortasse
860 3021 894 3084 in
908 3020 1055 3099 Ateiam,
1069 3022 1123 3086 vel
1140 3021 1311 3106 Fonteium

166 3151 172 3157 ·
213 3125 342 3200 gentem
363 3117 552 3202 (utriusque
565 3121 652 3185 enim
666 3119 847 3205 capitones
861 3119 954 3206 sunt)
976 3123 1156 3206 adoptatus
1177 3127 1257 3200 erat,
1279 3140 1310 3220 a.

215 3217 260 3282 U.
276 3217 315 3282 C.
326 3220 403 3284 711.
428 3217 592 3303 Agrippae
607 3241 822 3303 percussores
832 3222 856 3286 J
860 3265 868 3281 .
881 3223 1030 3286 Caesaris
1052 3244 1096 3287 err
1117 3223 1189 3304 lege
1203 3220 1312 3286 Pedia

214 3324 387 3387 accusanti
398 3322 605 3406 subscripsit.
644 3323 723 3387 Vid.
741 3340 781 3389 ιι.
796 3323 850 3388 69.
896 3323 1011 3400 Frater
1025 3324 1165 3408 denique
1180 3321 1310 3392 Nostris

216 3419 350 3504 Magius
365 3422 463 3512 Celer
477 3424 683 3502 Velleianus,
704 3427 773 3508 qni,
790 3432 827 3489 nt
848 3415 1007 3507 agnomen
1026 3425 1100 3508 ejus
1115 3424 1236 3508 prodit,
1251 3424 1310 3489 ite·

214 3543 285 3590 mm
299 3523 478 3606 adoptione
491 3525 527 3588 in
540 3531 667 3606 gentem
685 3523 832 3606 Magiam
847 3528 1005 3590 transisse
1022 3527 1164 3604 videtur,
1180 3526 1311 3605 legatus

213 3619 340 3688 'l'iberii
365 3626 399 3688 in
425 3625 513 3690 bello
539 3626 733 3692 Pannonico
756 3633 790 3692 et
816 3627 1006 3692 Dalmatico
1033 3627 1096 3691 suit
1120 3625 1180 3711 (ιι.
1209 3623 1309 3712 ilfa),

213 3724 333 3788 deinde
356 3725 390 3790 in
413 3727 578 3810 triumpho
592 3729 803 3812 imperatoris
821 3729 918 3792 donis
932 3729 1110 3792 honoratus
1130 3726 1179 3812 (v.
1192 3728 1217 3793 l.
1232 3727 1256 3792 l.
1278 3733 1311 3816 et

215 3842 257 3890 ιι.
272 3823 375 3910 121),
397 3834 431 3891 et
452 3829 495 3892 ab
510 3827 666 3912 Augusto
689 3831 792 3915 paulo
818 3837 894 3897 ante
918 3832 1046 3896 obitum
1067 3830 1112 3894 ad
1131 3837 1310 3914 praeturam

214 3929 476 3996 commendatus.
506 3927 586 3994 Vid.
604 3947 645 3996 ιι.
661 3933 736 3998 124.

259 4027 289 4090 Ε
313 4035 409 4110 gente
431 4031 527 4112 igitur
549 4036 718 4098 senatoria
739 4035 896 4100 oriundus
918 4039 990 4097 erat
1010 4030 1174 4098 Velleius.
1218 4031 1309 4096 Nam

215 4123 399 4221 Epicureus
414 4131 469 4196 ille
483 4131 545 4198 luit
562 4135 766 4216 senatorins3
790 4133 920 4200 Minatii
944 4132 1053 4216 Magii
1073 4131 1134 4197 tilii
1149 4135 1227 4227 post
1240 4131 1311 4198 bel·
