2948 4862
218 344 262 410 14
620 351 911 405 rncnscounus.

265 506 306 571 In
334 505 402 572 illis
425 521 504 568 vero
526 502 663 566 summis
686 501 862 582 seligendis
884 495 1018 562 secutus
1043 501 1094 562 est
1113 493 1240 561 Noster
1260 515 1312 562 res

220 611 355 678 lectoris
378 604 520 671 Romani
541 602 728 685 cognitione
751 601 979 682 dignissimas,
1003 601 1174 684 voluptate
1192 621 1312 685 cogno·

219 711 333 778 scendi
343 707 523 792 jucundas,
540 705 582 769 ed
603 706 731 768 animos
751 703 1009 768 commovendos
1026 704 1250 785 gravissimas,
1265 709 1313 770 at·

151 889 155 898 .
221 833 287 898 que
302 809 456 892 exemplo
470 809 505 871 in
519 813 692 889 utramque
711 811 838 889 partem
858 803 1063 870 utilissimas.
1110 805 1245 883 Qno'ex
1259 813 1318 890 gei

221 931 298 978 uere
313 917 388 976 sunt
402 910 523 985 omnia,
539 928 616 992 quie
629 910 804 990 ingenuum
824 913 857 972 et
877 908 1046 972 liberalem
1060 908 1226 975 hominem
1243 907 1318 973 Rei

221 1032 358 1078 menum
369 1012 496 1076 nescire
513 1009 713 1089 dedecebat3
735 1029 810 1092 quae
826 1027 901 1072 eum
923 1007 965 1072 de
986 1012 1127 1092 gentium
1142 1011 1320 1078 celetem-¹

222 1133 360 1191 merum,
387 1113 537 1196 inprimis
578 1130 662 1189 suae,
698 1111 890 1192 originibus,
921 1110 1064 1188 fortune,
1094 1113 1315 1189 incrementis,

220 1215 407 1292 virtutibus,
422 1212 611 1296 disciplina,
635 1211 761 1276 artibus
776 1211 982 1294 inventisque
1004 1213 1215 1292 erudiebant3
1239 1219 1319 1296 quse¹

219 1317 443 1400 mugrritudine
465 1334 529 1380 sua
548 1321 584 1377 et
605 1313 793 1378 effectorum
815 1313 849 1378 vi
865 1320 933 1376 tum
947 1315 983 1376 in
996 1318 1196 1395 praesentem
1209 1309 1320 1378 rerum'

219 1423 355 1494 statum,
379 1423 450 1480 tum
475 1417 511 1479 in
535 1415 773 1498 consequentia
796 1419 953 1497 tempora,
981 1419 1072 1477 erant
1100 1413 1330 1496 gravissima3'

222 1539 299 1603 quae
315 1527 348 1582 et
363 1519 569 1600 antiquitate,
583 1525 622 1581 et·
630 1517 790 1593 novitate,
806 1523 840 1581 et
854 1516 1073 1598 magnitudine
1088 1521 1122 1582 et
1144 1509 1316 1583 honestate

222 1620 358 1686 lectores
380 1617 564 1698 afficerent;
593 1637 669 1701 quse
691 1617 744 1682 vel
770 1617 812 1680 ed
835 1617 1008 1681 honestum
1032 1619 1191 1695 alliciant,
1216 1620 1271 1683 vel
1296 1637 1317 1683 a

221 1721 310 1806 turpi
328 1719 509 1799 deterrent3
531 1709 675 1801 denique
695 1737 773 1800 qnee
794 1717 927 1794 docent,
945 1724 1087 1797 monent,
1103 1724 1245 1798 movent,
1260 1720 1322 1784 dre-²

221 1823 353 1898 lectant,
369 1820 495 1903 quippe
510 1839 587 1903 quae
604 1821 700 1903 sequi
715 1820 856 1884 oratoris
870 1825 930 1884 est.

268 1922 315 1987 Ut
330 1941 417 1997 vero,
438 1923 601 1986 intuentes
612 1920 770 2004 majorem
785 1927 817 1984 et
829 1921 1036 2002 integriorem
1050 1924 1162 2005 operis
1177 1929 1317 2005 partem,

223 2043 278 2090 res
300 2023 472 2087 Romanas
493 2023 776 2105 complectentem,
802 2021 930 2102 singula
954 2040 1201 2105 persequamur,
1226 2043 1318 2088 com-

223 2124 396 2210 prehendit
409 2123 557 2188 Velleius
571 2123 698 2200 ordine,
713 2141 791 2206 quse
805 2122 859 2186 rel
872 2121 917 2185 ad
932 2124 1019 2186 rires
1033 2143 1181 2208 opesque
1195 2125 1320 2191 Roma·

225 2247 340 2292 norum
355 2232 484 2303 auctas,
506 2227 604 2289 etad
626 2224 863 2307 finesdmperii
883 2225 954 2288 sive
973 2247 1032 2309 per
1049 2229 1146 2306 bellu,
1168 2229 1239 2294 sive
1259 2249 1320 2311 per

226 2332 313 2392 artes
329 2327 496 2404 dilatatos,
512 2327 564 2390 vel
583 2326 627 2390 ed
646 2325 839 2410 reipublicae
854 2325 992 2390 formam
1006 2334 1038 2392 et
1052 2329 1200 2392 ordinum
1213 2330 1320 2412 digni-

225 2434 397 2510 tatumque
419 2433 552 2504 statum,
578 2431 636 2492 eut
659 2427 786 2508 legibus
811 2429 917 2504 noviS,
945 2434 1003 2491 eut
1026 2432 1320 2512 praeter-'ordinem

226 2531 382 2612 legesque
397 2529 565 2605 institutis,
588 2533 658 2592 aut*
669 2529 859 2592 domesticis
881 2530 1027 2594 motibus
1045 2533 1319 2610 transformatum,

225 2632 279 2694 rol
292 2631 335 2694 ad
350 2650 456 2694 mores
470 2634 502 2694 et
516 2630 737 2713 disciplinam,
749 2649 890 2712 eamque
906 2632 1086 2713 puplicam,
1101 2635 1320 2715 privatumne,

225 2733 443 2805 immutatum,
463 2731 516 2793 vel
538 2730 581 2793 ad
604 2731 724 2812 ingenii
746 2731 872 2795 cultum
895 2739 927 2796 et
947 2730 1115 2798 literarum
1137 2737 1326 2818 artiumque·

226 2831 424 2894 incrementa
446 2835 545 2912 atque
559 2829 739 2914 fastigium,
754 2829 807 2896 vel
824 2831 867 2896 ed
881 2834 1081 2916 singulorum
1096 2837 1241 2900 virorum
1254 2836 1326 2904 soh

228 2936 340 2997 tuream
354 2929 543 3013 pertinent·

270 3031 400 3094 Harum
423 3049 543 3092 rerum·
559 3034 813 3100 enarrandamm
844 3055 959 3119 agmen
984 3031 1081 3122 quasi
1103 3040 1230 3104 dncnnt
1256 3035 1324 3119 esc,
1402 3111 1408 3122 ,

227 3151 303 3215 quse
326 3133 473 3215 publice,
498 3138 556 3198 aut
576 3135 657 3200 soris
688 3144 749 3201 aut
773 3138 876 3216 domi,
902 3147 1003 3221 gestae
1025 3149 1109 3223 sunt,
1134 3147 1321 3226 statimque

226 3232 396 3315 publicum
412 3240 701 3302 commutaverunt.
747 3237 835 3314 Has,
857 3245 894 3302 ut
912 3259 984 3304 sese
1005 3243 1175 3324 excipiunt
1194 3249 1326 3326 tempo-¹

227 3329 415 3412 ris'ordine,
438 3337 534 3400 annis
556 3339 691 3415 notatis,
714 3343 830 3402 auctor
851 3339 997 3424 disponit
1014 3360 1072 3423 per
1092 3349 1197 3407 totum
1221 3363 1321 3426 opus,

227 3435 528 3517 easquesingulas,
555 3459 632 3522 queo
664 3441 767 3505 veluti
793 3449 903 3522 partes
933 3443 1079 3524 potiores
1104 3445 1329 3522 constituunt,

227 3535 382 3598 continue
403 3537 486 3600 serie
501 3542 717 3623 persequitur,
733 3542 840 3605 donec
861 3543 903 3606 ad
922 3543 1020 3606 tinem
1036 3546 1194 3628 perducta
1209 3546 1252 3607 sit
1265 3561 1329 3610 eei

227 3636 297 3699 rum
317 3637 495 3718 expositio,
512 3644 550 3702 ut
564 3642 754 3720 subsistere,
777 3648 813 3706 et
832 3645 960 3726 reliqua
983 3649 1092 3709 minus
1108 3645 1321 3722 notabiliora,

227 3736 316 3800 eirca
340 3735 426 3800 idern
448 3743 580 3821 tempus
606 3747 709 3821 geste,
729 3744 783 3806 vel
804 3743 996 3822 incidentia,
1018 3766 1094 3827 quea
1118 3754 1228 3810 autem
1252 3765 1323 3810 eru·

228 3837 333 3913 diunt,
349 3845 485 3902 merent
508 3849 608 3923 etque
631 3841 804 3920 delectent,
825 3845 1019 3925 subjungere
1039 3854 1147 3928 queat.
1192 3847 1233 3910 ln
1249 3849 1324 3929 qni·

229 3937 292 4002 bus
314 3955 389 4002 non·
402 3957 536 4023 semper
559 3944 716 4023 temporis
742 3943 888 4007 ordinem
911 3946 1051 4008 strictim
1076 3949 1236 4028 sequitur,
1262 3947 1322 4010 sed

229 4037 341 4123 potius
355 4043 521 4106 memoriae
539 4043 709 4124 impetum,
725 4062 899 4125 rerumque
917 4041 1162 4108 similitudinem
1178 4038 1331 4110 invicem'

230 4157 307 4203 sese
323 4140 408 4207 ultro
421 4142 457 4208 in
470 4144 614 4210 minum
628 4139 865 4223 revocantium,
880 4145 1010 4228 locique
1032 4146 1326 4229 opportunitatem.
