2948 4862
211 362 254 428 lt
457 331 458 334 Ἴ
609 375 905 433 ιιοιιιιιοιιιιιιι.

210 523 266 590 riit
287 527 398 590 antem
419 523 563 608 Sejanus
585 543 617 588 o.
641 523 685 588 U.
701 524 740 590 G.
755 525 832 590 784.
855 543 889 608 p.
912 523 974 590 Ch.
996 542 1031 589 ιι.
1047 523 1101 589 31.
1123 519 1158 590 h.
1172 543 1203 589 e.
1222 537 1310 590 nuno

211 632 303 710 post,
331 645 429 708 quam
462 625 603 690 Vinicio'
616 625 768 691 Velleius
799 627 997 709 opuseulum
1029 645 1129 690 suum
1159 625 1308 691 miserat.

212 725 299 790 Cum
312 729 401 792 enim
414 727 572 792 'liberius
593 731 628 793 in
646 748 760 796 omnes
781 731 917 795 soeviret
933 728 1048 812 Sejoni
1067 747 1132 792 non
1153 727 1308 792 consilio·

213 847 284 892 rum
298 828 406 892 solum
416 830 539 907 socios,
553 829 614 894 sed
628 831 729 894 etiam
741 831 879 908 amieos,
892 830 944 894 vel
959 829 1017 914 qui
1030 825 1203 892 tales'esse
1217 827 1309 891 vido-

214 935 323 994 rentur
343 928 392 1014 (v.
417 931 520 999 Dion.
540 929 750 1014 nvrrr.14.);
773 922 915 1014 eumque
932 930 1107 1007 delatores,
1129 949 1151 993 a
1172 927 1310 993 Tiberio

214 1016 375 1094 maximis
389 1032 537 1113 praemiis
552 1038 587 1094 et
599 1031 776 1096 honoribus
790 1031 938 1109 excitati,
958 1049 978 1094 e
998 1030 1112 1114 Sejani
1125 1029 1310 1094 cultoribus

215 1150 377 1216 quemque
391 1133 425 1196 iu
439 1134 664 1215 suspicionem
679 1132 893 1212 adducerent,
910 1137 944 1196 et
962 1131 1005 1195 od
1026 1131 1193 1216 supplicia
1213 1149 1311 1214 rope·

215 1239 288 1298 rent
307 1231 356 1318 (r.
372 1234 472 1298 Dion.
492 1233 515 1298 l.
535 1234 590 1314 l.):
612 1235 709 1300 facile
727 1235 841 1300 extitit
863 1253 1007 1318 qnoque,
1021 1234 1090 1317 qui,
1106 1228 1237 1317 privata
1250 1232 1312 1295 ini·

215 1333 342 1399 micitia
352 1332 488 1398 Velleio
502 1335 659 1414 infensus,
679 1336 894 1419 praemiisqno
905 1336 1058 1414 olleetrus,
1071 1335 1310 1412 uolumenum,

215 1440 251 1496 et
276 1435 318 1498 ad
341 1434 506 1499 interitum
530 1436 735 1519 perduceret·
790 1436 864 1502 Nec
887 1436 1021 1502 difficile
1042 1441 1115 1502 eret
1133 1435 1176 1500 de
1196 1435 1312 1519 Sejoni

215 1533 365 1600 amicitia
386 1541 593 1619 suspectum.
609 1539 744 1602 reddere
771 1537 944 1615 Nostrum,
979 1539 1038 1620 qui
1063 1537 1186 1621 ingenti
1209 1535 1311 1600 laudo

214 1637 315 1700 istum
330 1637 364 1700 in
379 1655 479 1720 opere
493 1657 556 1703 suo
575 1639 746 1704 extulerat.
777 1638 858 1704 viu.
875 1655 915 1704 11.
931 1639 1008 1704 127.
1020 1645 1054 1704 et
1069 1639 1146 1704 128.
1191 1638 1313 1722 Neque

216 1734 383 1802 difficilius
396 1746 468 1803 erat
482 1740 634 1819 delatori,
643 1742 679 1805 in
695 1741 848 1818 eundem,
865 1742 922 1824 qui
935 1741 1065 1825 possim
1078 1741 1112 1803 in
1127 1739 1229 1824 priori
1243 1738 1314 1802 his-

217 1838 311 1903 toriae
334 1858 404 1904 suae
424 1848 516 1925 parte
532 1843 670 1926 spiritus
691 1842 850 1907 liberrimi
873 1842 1070 1908 documento
1094 1842 1234 1906 dederat
1253 1839 1313 1918 (ef.

216 1953 259 2007 ιι,
274 1939 327 2004 49.
351 1940 406 2006 72.
432 1944 518 2022 tte),
540 1944 679 2022 Tiberii,
694 1945 883 2028 suspieeeis
899 1951 933 2008 et
953 1944 995 2008 de
1009 1944 1154 2027 imperio
1176 1943 1313 2024 vitaque

216 2041 315 2106 ualde
337 2044 443 2122 auxii,
468 2046 632 2110 soevitiam
654 2048 810 2110 excitare.
854 2043 944 2109 Nom
966 2044 1131 2129 ejusmodi
1148 2040 1314 2106 scribendi

217 2141 353 2207 libertas
371 2146 434 2208 sub
448 2145 596 2225 liberio,
612 2153 735 2230 prester
747 2148 845 2224 alios,
860 2146 1002 2229 perdidit
1016 2145 1219 2210 cromatium
1234 2140 1314 2207 Cor-

219 2243 308 2322 dum,
319 2245 524 2325 historienm,
540 2249 599 2330 qni
614 2247 753 2312 Brutum
766 2245 989 2330 Cassiumque
1008 2248 1041 2310 in
1056 2245 1229 2310 annalibus
1242 2243 1315 2308 suis

219 2363 419 2430 magnopere
438 2347 603 2413 lunderat.
625 2347 789 2415 V.Tocit.
801 2346 845 2413 A.
863 2365 915 2412 ιν.
930 2347 984 2412 et.
1000 2367 1052 2431 sq.
1068 2347 1111 2411 ol.
1124 2350 1159 2409 et
1177 2344 1314 2411 Sueten.

169 2522 171 2530 Ι
217 2445 297 2510 Tib.
313 2448 367 2512 61.
411 2447 559 2526 Quodsi
581 2450 628 2514 ita
644 2446 798 2513 Velleius
818 2449 935 2513 eodem
955 2468 1053 2526 sono,
1077 2466 1145 2531 quo
1162 2446 1315 2530 sopanus,

217 2549 329 2632 periit,
341 2558 473 2616 aetatm
487 2552 540 2616 49.
554 2553 608 2633 rel
622 2553 676 2616 50.
690 2570 849 2615 sonorum
864 2551 982 2632 attigit.

263 2649 374 2733 Atque
392 2655 438 2717 ito
455 2653 579 2717 foenum
602 2660 664 2730 est,
683 2659 719 2717 ut
741 2673 763 2718 o
778 2652 1019 2717 conscribendo
1040 2649 1193 2735 ampliori
1214 2665 1316 2731 opere

220 2749 390 2828 lristorieo,
405 2770 472 2834 quo
493 2755 662 2835 promisso
681 2753 759 2817 inde
771 2774 792 2818 a
802 2754 874 2819 Jul.
894 2753 1039 2819 Caesaris
1053 2755 1151 2818 rebus
1165 2765 1317 2816 enarren-

220 2850 276 2914 dis
296 2849 355 2934 (ιι.
376 2852 443 2930 48.)
463 2854 658 2920 brevitatem
669 2854 789 2936 operis
804 2855 910 2920 relicti
935 2862 1078 2920 excusat
1099 2858 1154 2933 (11.
1167 2851 1224 2917 99.
1242 2849 1316 2924 loo,

221 2950 298 3018 114.
309 2960 343 3017 et
353 2953 453 3033 lle),
468 2955 585 3020 mortis
599 2973 681 3019 casu
697 2956 921 3038 impediretur.

264 3053 332 3119 Sed
342 3075 418 3120 eum
430 3057 501 3121 rita
515 3057 624 3122 omnis
639 3057 712 3140 ejus
724 3058 886 3121 memoris
903 3057 1160 3142 opudposteros
1173 3055 1242 3119 fere
1256 3072 1317 3118 ex·

221 3154 328 3220 tinota
350 3162 410 3220 est.
456 3157 576 3240 Neque
600 3160 687 3223 euim
708 3161 926 3224 recentiorum
944 3159 1188 3234 historicorum,
1211 3173 1317 3239 neque

222 3256 391 3322 rhetorum
407 3257 496 3322 ullus
510 3258 688 3336 Velleium,
708 3259 742 3322 hi
762 3259 906 3342 quidem,
920 3265 1074 3343 tanquam
1089 3277 1185 3323 novoe
1205 3258 1318 3341 operis

222 3354 371 3424 historici
390 3359 507 3424 formes
524 3360 720 3445 principem,
743 3361 792 3424 illi
811 3379 899 3440 vero,
920 3361 1013 3426 velut
1030 3377 1136 3424 rerum
1151 3349 1335 3442 gestarum

212 3466 348 3538 testem,
363 3460 548 3526 laudarunt.

268 3559 322 3624 De
341 3560 472 3642 ingenio
495 3560 630 3638 Velleii,
662 3559 752 3644 quod
786 3579 830 3624 ex
855 3579 953 3643 opere
978 3558 1228 3645 dijudicandum
1252 3564 1318 3634 est,

222 3666 401 3745 postquem
410 3661 453 3724 de
467 3663 530 3726 hoo
543 3663 835 3746 disputaverimus,
846 3662 1010 3743 agendum
1023 3662 1120 3726 uobis
1133 3666 1203 3724 est:
1226 3677 1320 3723 curn·

224 3779 290 3843 que
308 3761 349 3826 de
362 3760 428 3824 fide
441 3762 514 3844 ejus
536 3781 682 3846 quoqne,
699 3781 721 3825 a
742 3762 853 3827 multis
867 3761 1048 3826 indubium
1063 3765 1195 3835 runata,
1214 3757 1320 3821 disse*

223 3863 368 3939 rendum,
385 3883 428 3927 ea
441 3883 520 3928 vero
534 3865 678 3948 aliquem
693 3867 819 3948 perlem
837 3882 883 3926 ex
897 3863 1044 3927 moribus
1064 3860 1210 3926 auctoris
1224 3857 1319 3922 sesti·

225 3961 345 4076 monde
367 3965 423 4044 sit,
445 3964 509 4034 hos
529 3965 617 4032 inira
638 3963 849 4032 describendi
865 3964 993 4052 justum
1013 3964 1084 4030 fore
1097 3961 1208 4028 locum
1221 3963 1319 4045 puta·

225 4078 344 4130 sumus.
1216 4085 1219 4089 '
1291 4071 1294 4078 ’
