2948 4862
371 395 420 444 nn
444 393 655 445 o.vn1.nnu
680 391 897 446 rnrnrouur
921 395 1025 446 vrrs.
1223 381 1248 449 θ

146 537 398 608 rolioeinoiiono
420 538 532 616 oneo,
546 538 635 604 etde
654 537 729 622 ejus
743 539 846 619 obilu,
860 559 904 606 ex
918 545 1103 625 temporum
1117 541 1245 611 relione
1385 592 1388 602 .

148 639 338 724 oonjeotura
351 641 457 718 foeta,
472 642 605 724 ossoqui
618 641 711 708 lieet.

188 741 276 808 Gnm
309 743 398 808 enim
431 743 538 808 Liviae
573 743 679 822 obitu,
711 761 790 826 qnoe
815 741 910 808 initio
939 743 1015 808 enni
1040 741 1184 810 reu-u.
1204 745 1245 812 C.

66 881 68 886 ·
145 844 272 911 recidit
290 843 376 930 (vid.
391 843 500 910 Tacit.
516 844 560 912 A.
574 861 609 910 v.
624 842 687 928 1.)‚
710 863 798 928 opus
813 863 909 910 suum
919 843 1081 926 finiverit3
1104 865 1247 931 eumque

144 945 190 1012 ml
201 944 258 1010 M.
274 945 447 1012 Vinicium
462 965 538 1012 eum
553 944 594 1011 0.
610 944 731 1012 Cossio
746 945 898 1027 Longino
913 946 1081 1011 oonsubm
1099 965 1130 1011 e.
1144 947 1188 1013 U.
1202 947 1246 1017 0.

143 1045 221 1114 ⁷88.
244 1046 288 1112 od
312 1065 410 1132 quem
439 1047 621 1112 orationem
645 1048 770 1130 saepius
799 1047 963 1112 convertit
981 1047 1067 1132 (vid.
1084 1035 1114 1114 ἰ.
1130 1049 1180 1116 18
1205 1063 1246 1115 11.

141 1147 220 1214 us.
233 1154 271 1213 ei
288 1147 392 1233 luo),
407 1155 440 1214 ot
454 1149 498 1214 od
516 1151 613 1235 eujus
635 1148 845 1215 consulatum
861 1168 967 1214 rernm
981 1155 1146 1232 gestorum
1161 1156 1246 1218 tem·

105 1282 111 1290 ·
143 1269 229 1333 pore
242 1249 366 1334 dirigit,
388 1251 510 1317 librum
530 1271 628 1318 suum
646 1252 794 1317 miserit:
818 1257 972 1334 apparet,
986 1251 1153 1316 Velleium
1167 1261 1246 1336 pon

143 1350 255 1420 Inue
281 1353 424 1432 obitum,
448 1371 549 1436 opus,
574 1351 711 1418 Vinicio
735 1352 873 1418 consule
911 1352 1083 1433 designato
1106 1352 1244 1419 forsitan

26 1467 27 1471 ’
142 1462 354 1540 snsosptum,
366 1455 483 1520 eodem
497 1455 636 1522 oonsnle
649 1455 845 1523 absolvisse.
890 1452 965 1518 Neo
980 1453 1137 1538 displicet
1152 1454 1246 1520 Dorl-

142 1554 234 1620 rrelli
247 1557 437 1640 coojeolnre
450 1556 646 1640 probabilis,
661 1555 836 1633 Nostrum,
851 1553 989 1620 Vinicio
1002 1555 1156 1620 honorem
1172 1573 1245 1638 pre·

143 1654 473 1740 inlobnndmn,opns
488 1656 697 1738 coniecisse3
718 1675 761 1721 ne
774 1657 1058 1722 verooonsnlotns
1069 1657 1246 1741 prinsexi·

143 1760 206 1834 rot,
226 1757 439 1824 festinantem
455 1763 587 1824 motato
598 1775 709 1822 rernm
721 1755 868 1841 antiquie
881 1759 1050 1823 memorius
1066 1755 1246 1841 eomplexn

145 1859 372 1941 acquievisse,
394 1865 428 1924 et
445 1859 550 1943 justo,
572 1858 719 1941 solisque
736 1877 799 1942 pro
816 1877 926 1924 rorum
938 1858 1161 1942 mgniiudine
1174 1877 1244 1924 em·

143 1957 201 2040 ple
213 1958 387 2026 volumino
401 1961 438 2024 in
458 1977 605 2044 praeeens
627 1960 789 2025 omisisoe.
834 1961 887 2026 De
908 1979 986 2044 quo,
1006 1979 1116 2044 nequo
1135 1961 1246 2025 minus

146 2059 187 2126 de
209 2061 323 2126 musis
345 2061 462 2128 enred
478 2061 528 2126 Μ.
544 2061 715 2127 Vinicium
726 2061 895 2127 consulem
905 2062 1017 2127 libros
1024 2081 1105 2126 suos
1118 2062 1246 2126 miserit

145 2159 308 2241 Velleius,
330 2163 456 2230 oertins
479 2169 661 2241 consistet,
683 2165 749 2229 nisi
770 2182 858 2246 opus
879 2163 967 2247 ejus,
992 2163 1089 2228 iniiio
1113 2163 1244 2240 mutilo,

145 2263 337 2345 pmfamine
368 2266 469 2332 etium
500 2264 707 2342 *detruncam
732 2268 867 2330 mieiom
889 2270 1037 2328 nostrum
1068 2264 1245 2346 attigisset.

146 2361 304 2432 Allrsmen
324 2369 486 2453 conjieero
506 2365 598 2442 lieet,
618 2365 673 2430 vel
693 2365 781 2430 huno
799 2364 973 2430 Vinicium
988 2364 1120 2431 Velleio
1141 2367 1245 2432 hisio-

145 2466 203 2532 rioe
227 2469 307 2534 talis
331 2470 365 2534 in
389 2467 621 2552 compendium
645 2466 831 2548 redigendus
853 2466 957 2530 fuisse
978 2474 1163 2546 auctorem3
1190 2465 1246 2531 vel

146 2569 283 2634 eundem
298 2569 434 2646 Nostro,
446 2571 516 2634 sive
531 2569 576 2633 ob
590 2567 789 2632 bonelleinm
805 2567 956 2652 aliquod,
971 2569 1015 2630 ab
1029 2567 1117 2649 ipso,
1138 2571 1245 2650 petre

146 2687 198 2747 ro,
212 2673 279 2736 sub
293 2691 361 2755 qno
375 2670 544 2755 stipendio
557 2689 681 2734 merore
694 2677 845 2753 ooeperst
864 2667 924 2754 (u.
937 2664 1041 2751 lon),
1056 2675 1244 2752 acceptum,

53 2773 57 2782 '
146 2770 216 2836 n're
238 2773 284 2838 ob
299 2773 494 2850 amicitiam,
510 2773 582 2838 sive
597 2773 641 2836 ob
655 2773 807 2853 graiium,
830 2791 897 2856 quo
912 2771 1029 2836 consul
1043 2769 1133 2853 opud
1145 2768 1245 2836 Tibe-

145 2873 230 2938 rium
244 2875 392 2953 volebat,
404 2873 590 2940 emendum
604 2891 702 2956 opere
716 2873 829 2936 obleto
842 2873 952 2936 visum
965 2890 1042 2936 esse
1052 2875 1086 2936 et
1096 2871 1245 2936 ambien-

147 2972 237 3038 dum.
279 2976 383 3040 Hunc
404 2977 503 3057 enim,
526 2959 730 3058 oujns'svus
748 2972 902 3052 Merops,
924 2979 959 3038 ei
981 2972 1124 3037 Publius
1137 2979 1243 3056 peter,

146 3077 340 3142 consuleres
361 3077 444 3162 (vid,
462 3093 502 3141 ιι.
517 3076 571 3142 96.
587 3083 622 3142 ei
635 3074 743 3160 illm),
763 3077 806 3142 ob
819 3075 978 3157 Auguste
989 3074 1034 3139 od
1054 3074 1245 3157 gravissimi

146 3176 423 3244 mllimlssme
436 3181 470 3242 ei
492 3178 684 3261 provineios
697 3176 973 3242 administrandas
985 3176 1126 3240 adhibiti
1150 3180 1245 3242 oront

145 3276 206 3362 (u.
220 3279 297 3346 101.
311 3285 346 3344 et
355 3278 461 3364 104),
480 3281 563 3346 inter
575 3279 836 3362 gratiosissimus
847 3277 940 3361 opud
955 3276 1124 3370 {liberium
1137 3277 1245 3343 inisse

147 3389 383 3465 operosiorem
404 3384 545 3450 triennio
557 3389 636 3467 post
648 3385 860 3448 consulatum
880 3401 1044 3466 progener
1062 3381 1190 3447 Tiberii
1211 3375 1245 3447 oi

147 3483 272 3569 conjux
280 3483 516 3570 Julise,neptis
531 3483 748 3567 Imperatoris
762 3491 796 3549 ei
809 3483 1003 3548 Germanioi
1012 3481 1105 3559 filie,
1120 3484 1244 3548 electris

148 3587 203 3648 sii.
245 3584 327 3651 Vid.
338 3585 449 3652 Tacit.
463 3586 508 3651 A.
524 3603 574 3650 vr.
588 3587 643 3651 15.
665 3585 725 3650 ubi
738 3586 819 3652 mioe
832 3585 910 3670 ojus¹
927 3587 1093 3668 ingenimn
1107 3603 1243 3668 quoqne

147 3692 183 3749 et
203 3685 360 3752 iucundis
384 3688 552 3756 laudatur.
591 3688 742 3756 'Exitmn
774 3687 860 3770 ejus,
884 3687 988 3754 altero
1015 3687 1186 3752 consulatu
1211 3703 1243 3750 o.

147 3786 192 3851 U.
215 3787 253 3854 Ο.
275 3791 495 3871 maxumo,
511 3789 718 3857 Mersellinse
731 3788 904 3857 venelioiis
917 3790 1042 3868 necati,
1055 3787 1156 3854 trudit
1174 3785 1243 3858 Dip

148 3905 211 3955 nx.
225 3891 280 3959 ἲ).
1257 3906 1263 3926 “

188 3994 256 4073 Segi
268 3995 435 4074 Velleius,
451 4013 553 4080 opere
575 4013 636 4060 suo
650 3995 816 4071 absoluto,
831 3994 920 4058 houd
932 3993 992 4056 diu
1005 3992 1041 4054 in
1056 3991 1128 4056 vite
1139 3989 1244 4054 fuisso

143 4093 282 4161 videtur.
337 4095 393 4160 Ilo
416 4097 531 4180 plaeet
558 4094 748 4173 Dodwello,
780 4097 838 4179 qui
862 4092 1029 4177 probabili
1052 4092 1244 4176 conjecturs

145 4193 306 4262 Nostrum
332 4195 448 4290 Sejeni
470 4213 664 4284 oppressum
686 4196 780 4261 ruine
793 4194 956 4260 interiisse
970 4195 1152 4262 existimet.
1177 4193 1242 4259 Pe-
