3004 4846
399 360 588 416 vtrsronrn
612 363 779 414 noususs
803 366 876 415 nro.
900 365 939 414 ιι.
958 349 1026 414 te:
1181 349 1254 418 ³⁷1·

147 493 223 560 ‘mitt
242 503 352 561 collecta
369 516 429 572 post
448 509 510 558 alios
530 507 633 558 adferre
652 507 685 558 de
722 509 790 556 mine
811 514 908 556 restent
930 507 1066 570 Indueras,
1084 508 1183 557 oriente
1204 505 1248 560 sile

160 581 251 635 Votisz
268 591 386 649 queant
402 585 686 648 prclmperetore,aut
723 585 789 633 doce
806 582 900 632 fertilis
918 583 1001 632 suni?
1029 582 1126 643 subdit,
1158 584 1247 636 ‘Quin

161 655 209 723 'pro
217 660 320 723 populo.
352 660 544 724 Panegyricus:
562 661 569 686 ‘
582 659 686 709 Nuncu·
722 660 817 722 largitu
827 660 879 708 tuis
889 667 949 708 suut
959 659 1039 708 multa
1050 658 1153 707 silentia
1164 657 1248 708 votis!

161 727 224 796 pare
236 741 296 782 rota
306 747 352 796 pro
370 733 517 783 eternitate
536 733 643 796 imperii,
659 740 687 782 et
723 734 765 783 Ad
776 742 874 784 strenas
892 733 982 783 referri
994 748 1045 782 non
1056 735 1148 784 inscite
1161 741 1249 797 potest

161 817 209 872 pro
220 810 301 860 salute
311 809 415 870 civium,
426 809 502 858 immo
513 815 541 858 et
550 810 686 872 prosalnte
723 810 794 859 locus
806 808 890 858 Paulli
900 809 948 860 Jc,
963 809 993 872 ¹in
1009 809 1026 857 l.
1040 821 1091 857 xrr.
1109 807 1141 856 Ι).
1162 809 1194 856 de
1205 809 1249 858 sd·

160 884 315 948 principum,
333 891 360 933 et
371 891 477 946 propter
488 884 543 932 illos
555 897 601 950 pro
611 889 686 932 reter-
723 884 831 933 ministr.
845 889 892 932 tut.
905 883 956 932 ait:
975 885 982 910 ‘
994 883 1132 932 Sollemnia
1144 897 1249 932 munera

160 960 243 1008 nitate
253 958 353 1020 imperii
370 957 532 1007 solebamus)
564 957 686 1006 lilacon-
723 958 871 1021 parentibus
881 958 1046 1022 cognatisque
1058 959 1161 1008 mittet.'
1187 959 1249 1009 lilit-

161 1039 237 1096 cepta
257 1033 402 1083 ultronee
420 1033 526 1084 ianuar.
554 1047 605 1083 non
623 1034 686 1095 ipsis
724 1034 814 1084 lebant
823 1041 850 1082 et
861 1034 1023 1098 imperatori.
1056 1035 1141 1084 Testis
1149 1043 1248 1099 prester

161 1108 294 1170 Kalendis,
309 1109 432 1172 placitam
443 1117 470 1158 et
480 1107 581 1158 emdite
593 1107 686 1170 proba·
722 1109 881 1170 Suetonium,
890 1110 942 1158 Dio
952 1109 995 1158 lib.
1005 1113 1085 1160 svsr.‘
1096 1111 1190 1162 Frsitet
1198 1112 1248 1160 ella

161 1189 215 1232 tum
232 1183 265 1233 ad
282 1184 402 1233 Tacitum
420 1184 519 1248 Lipsio,
536 1183 630 1232 Annal.
641 1183 686 1234 lib.
723 1197 823 1245 caussa,
834 1199 881 1232 cnr
893 1186 924 1233 iia
935 1185 1060 1234 Kalendis
1071 1192 1144 1234 extra
1157 1185 1248 1236 urbem

162 1271 221 1308 avr.
238 1260 286 1308 Cal
297 1260 432 1308 commodo
441 1274 552 1319 manum,
563 1265 591 1308 et
601 1273 686 1309 assero
723 1267 800 1320 esset,
817 1273 910 1322 nenrpe
922 1274 952 1308 ne
967 1261 1110 1310 bominibus
1128 1261 1186 1310 anui
1205 1277 1248 1311 an-

160 1347 236 1398 porro
248 1335 332 1382 verbis
343 1335 397 1382 (lali
408 1334 456 1385 JC.
468 1335 493 1382 in
505 1334 522 1382 Ι.
534 1335 556 1382 si
568 1333 687 1395 calvitur,
721 1335 804 1398 spicio
815 1334 965 1385 etiestodie
974 1337 1107 1399 occupatis
1116 1339 1248 1400 negotium

161 1421 297 1457 ccxxxrrr.
308 1408 339 1456 de
349 1409 449 1457 verbor.
459 1409 524 1471 sign.
539 1410 622 1458 ‘Post
632 1409 686 1459 Ks-
723 1412 861 1475 praeberet,
879 1425 944 1462 nere
964 1419 1064 1464 strenas
1083 1413 1115 1464 ab
1133 1415 1163 1464 iia
1181 1416 1249 1465 acti-

160 1482 249 1532 lendes
260 1483 397 1532 ianuarias
408 1483 449 1532 die
459 1483 536 1532 tertio
546 1498 591 1546 pro
601 1486 685 1534 salute
723 1492 806 1549 peret,
817 1486 885 1551 qnod
897 1487 1041 1550 Augustum
1054 1487 1148 1540 fecisse
1158 1489 1250 1553 impro-

160 1557 287 1620 principis
304 1563 365 1608 vota
381 1558 570 1620 suscipiuntur!
591 1560 685 1609 ‘Immo
722 1562 817 1611 babat'
835 1563 910 1614 Quod
923 1569 1005 1612 umen
1015 1563 1108 1614 deinde
1120 1572 1249 1629 tamquam

161 1633 216 1682 dies
236 1632 309 1681 hicce
331 1633 470 1692 sollemnis,
489 1648 540 1695 qna
557 1634 685 1696 concipis·
722 1637 836 1686 debitum
863 1638 914 1686 sibi
941 1639 1083 1702 poscebant
1109 1640 1250 1704 principes,

160 1709 263 1771 bantur,
284 1710 401 1759 absolute
417 1710 469 1758 κατ’
488 1709 572 1770 leogis
592 1709 685 1770 dictus,
722 1712 792 1775 apud
802 1712 942 1765 iustinian.
960 1713 989 1763 C.
1008 1714 1042 1763 de
1060 1715 1188 1765 oblatione
1206 1729 1250 1764 vo·

165 1783 235 1834 Vota.
267 1785 405 1847 Vopiscus,
413 1785 524 1834 Tacito:
541 1786 685 1834 ‘Dirorum
722 1793 775 1836 tor.
792 1787 1029 1851 ‘ImppArcadius
1040 1797 1068 1840 et
1077 1792 1208 1842 Honorius
1216 1791 1249 1840 Α.

161 1861 287 1926 templum
305 1861 362 1910 fleri
376 1861 464 1924 jussit,
485 1862 511 1909 iu
532 1876 582 1926 quo
601 1868 687 1910 arent
723 1863 755 1912 Α.
767 1863 865 1912 Basilio
877 1863 908 1913 P.
917 1865 949 1912 V.
972 1865 1082 1916 Quando
1094 1867 1162 1916 votis
1177 1880 1249 1917 ¹com·

162 1941 255 1986 stature
277 1936 422 1999 principum
444 1934 578 1996 bonorum,
599 1935 636 1985 ita
657 1941 686 1983 nt
722 1939 839 1988 munibus
850 1937 911 1988 ielis
923 1954 1004 1988 sunm
1021 1941 1144 2003 aperitur,
1162 1943 1187 1992 io
1199 1955 1249 1990 una

162 2011 252 2062 iisdem
262 2011 389 2062 natalibus
399 2012 460 2072 suis,
472 2018 498 2061 et
509 2012 648 2073 Parilibus,
659 2017 687 2061 et
723 2014 790 2064 libra
801 2014 867 2076 auri,
882 2019 909 2062 et
928 2014 1017 2064 solidis
1029 2015 1184 2078 obryaiacis'
1203 2017 1248 2080 (de

162 2087 287 2137 Kalendis
305 2087 411 2138 Janissr.
422 2094 450 2136 et
467 2087 550 2150 Votis,
567 2087 688 2137 libamina
723 2091 761 2138 bia
772 2089 865 2152 Cujar.
876 2089 909 2138 ad
922 2089 965 2139 tit.
983 2088 1015 2137 de
1026 2097 1078 2140 ret.
1096 2105 1165 2140 uum.
1182 2091 1252 2154 pot.)

160 2160 336 2225 ponerentur!
369 2161 436 2210 ilrec
451 2175 507 2226 que
524 2162 687 2228 propopulo‚
723 2163 904 2229 ‘principibus
932 2163 1056 2215 offerendi
1085 2165 1250 2218 devotionem

159 2237 225 2302 ipsis
237 2238 368 2288 Kalendis.
390 2238 474 2286 Tacit.
487 2236 579 2286 Annal.
591 2236 636 2286 lib.
646 2249 686 2286 ιν.
723 2241 807 2290 animo
815 2239 906 2292 libenti
914 2241 1081 2304 suscipimus:
1096 2247 1252 2303 eminentes,

161 2317 169 2344 ‘
181 2313 233 2364 Sed
242 2315 329 2363 Coesnr
340 2313 475 2362 sollemnia
486 2312 632 2375 incipientis
644 2326 687 2360 au·
722 2323 750 2367 nt
762 2318 885 2380 deinceps
901 2315 1066 2380 sequentinm
1084 2318 1155 2367 annis
1166 2318 1250 2368 umiss-

161 2391 189 2440 ni
200 2389 310 2439 Kalend.
325 2388 460 2439 lanuarias
476 2389 586 2450 epistole
597 2401 686 2451 preca·
722 2392 844 2456 quuaque
872 2390 996 2441 sedulitas
1018 2392 1176 2456 principibus
1197 2393 1249 2442 suis

162 2467 220 2516 tna!
254 2466 288 2514 Et
300 2466 402 2514 statim:
424 2465 528 2516 ‘Quem
541 2465 608 2514 enim
619 2465 686 2514 diem
724 2468 787 2516 talis
806 2467 924 2529 ingerant
942 2481 1053 2530 semper,
1070 2473 1098 2516 et
1113 2466 1251 2518 deserant!

160 2555 268 2592 vacotmr
279 2541 687 2605 poens,nbiinteraacrs'etvota,
723 2541 788 2592 linc
810 2540 843 2590 de
866 2541 1030 2591 sollemnibus
1053 2543 1126 2592 rotis.
1168 2542 1250 2592 Moris

162 2631 214 2682 quo
235 2624 351 2680 tempore
372 2615 457 2666 verbis
475 2617 555 2666 etiam
573 2615 687 2679 profanis
723 2622 852 2680 praeterea
865 2615 891 2666 in
906 2615 1012 2665 adversa
1023 2616 1170 2666 valetudine
1181 2617 1250 2680 prin-

163 2689 285 2744 abstineri
306 2704 361 2740 suos
382 2697 462 2753 esset,
481 2691 584 2742 vincula
603 2697 630 2740 et
652 2693 686 2740 la·
724 2692 789 2755 cipis
801 2691 939 2753 suscipere,
956 2691 1053 2740 clarum
1065 2705 1096 2740 ex
1107 2690 1251 2753 Xipbilino‚

162 2779 242 2833 qneus
265 2765 442 2816 inducentur?
487 2765 637 2830 Spartianus
662 2766 687 2816 in
724 2765 961 2829 Suetonio‚Tecito,
980 2765 1047 2828 eliis,
1067 2773 1093 2815 et
1104 2764 1251 2814 adscribere

162 2841 228 2894 iElio
236 2841 317 2894 Vero:
335 2842 499 2892 ‘Orationem
508 2841 687 2905 pulcerrimum
724 2842 847 2906 Epistolis
858 2841 890 2892 sd
902 2839 1056 2905 principem,
1072 2842 1080 2869 ‘
1092 2855 1119 2891 se
1131 2846 1190 2892 rota
1201 2839 1251 2904 ipsi

163 2925 287 2982 parasset,
297 2917 349 2982 qn'a
359 2917 485 2968 Kalendis
495 2917 625 2968 Jausssriis
634 2915 689 2966 lla·
723 2917 827 2968 iacere!
864 2917 917 2968 Dio
935 2917 1001 2967 libro
1020 2929 1088 2967 nvrs.
1113 2915 1251 2980 ‘Denique

161 2995 251 3044 driano
263 2994 330 3057 patri
349 2994 446 3055 gratias
462 2999 561 3055 ageret,
579 3001 689 3056 accepta
724 3001 798 3044 tanta
808 2994 931 3044 utebatur
940 2993 1086 3055 clementia,
1096 2997 1127 3040 ut
1137 3004 1196 3042 enm
1206 2990 1251 3038 ali·

161 3069 300 3134 petitione,
318 3081 369 3131 qna
385 3081 414 3116 se
425 3068 585 3117 existimaret
592 3068 689 3131 jurari,
725 3068 828 3132 qnando
838 3067 995 3118 Rbodiornm
1012 3067 1178 3128 magistratus
1188 3063 1251 3112 deta

162 3143 372 3206 Kalendis'ipsis
390 3142 478 3206 perlit,
495 3143 636 3207 jussusque
656 3143 689 3193 ab
725 3143 835 3193 adeum
854 3142 965 3206 epistola
992 3155 1043 3190 non
1061 3139 1252 3203 subscripsisset

163 3219 305 3282 Hadriano,
317 3219 378 3283 qnia
393 3223 456 3267 vota
474 3217 690 3280 interveniebant,
724 3219 789 3267 illud
817 3222 978 3277 consuetum,
1011 3215 1088 3268 Quod
1113 3220 1175 3264 vota
1201 3214 1251 3278 ipsi

163 3309 213 3348 non
223 3294 323 3359 ingeri!
356 3293 470 3343 Duravit
480 3293 690 3356 indentempore
726 3292 851 3354 facerent,
866 3290 989 3340 celeriter
999 3301 1042 3338 eos
1055 3287 1163 3352 excitor,
1181 3289 1252 3354 quasi

164 3369 275 3434 Raipob.
284 3370 383 3432 liberes,
391 3375 419 3419 et
427 3369 567 3431 consulum,
577 3368 620 3433 qui
630 3373 691 3418 rota
727 3368 794 3416 male
809 3366 974 3428 multatnms,
993 3379 1050 3414 cnm
1061 3364 1087 3414 id
1105 3363 1174 3428 qnod
1191 3363 1251 3414 dee-

164 3459 212 3510 pro
232 3448 313 3495 salute
332 3445 422 3509 populi
441 3445 503 3509 ipsis
520 3445 644 3495 Kalendis
663 3445 689 3494 in
727 3449 777 3503 rat,
787 3440 951 3506 adjecissent,
967 3439 1098 3490 indemnes
1110 3438 1252 3490 dimiserit?

165 3521 239 3573 Jovis
263 3521 327 3583 Opt.
349 3521 419 3570 Max.
441 3521 537 3584 templo
559 3536 689 3585 nuncopa-
727 3516 827 3578 ΜΕ·
865 3515 1054 3577 thifflffli‘
1062 3514 1121 3577 6¹¹⁸]
1137 3515 1189 3564 1³1⁰
1198 3527 1253 3563 ΧΗ·

164 3604 235 3647 runt.
269 3597 407 3646 Ostensum
420 3609 435 3643 a
446 3596 530 3644 doctis
540 3610 573 3645 ea
583 3597 690 3660 Ouidio,
727 3609 767 3657 pr.
779 3593 849 3642 Plut.
859 3591 951 3654 Pomp.
960 3590 1081 3641 Juvenal.
1094 3592 1133 3637 1⁰.

163 3671 355 3735 frequentatum
375 3671 401 3718 in
423 3670 505 3720 Livio.
538 3670 620 3719 Immo
639 3671 691 3719 illis
761 3666 881 3725 Desaissrl
896 3661 1016 3724 somnne]
1044 3661 1101 3710 Tali
1124 3663 1255 3710 sententia

165 3747 228 3811 ipsis
245 3746 291 3795 sibi
309 3753 399 3794 mutuo
423 3747 534 3808 popolus
552 3745 611 3795 binc
631 3746 690 3796 iude
728 3742 883 3793 Plutarchus
895 3741 921 3788 iu
932 3737 1056 3800 Pompeio
1067 3741 1158 3798 optat:
1176 3736 1254 3786 ‘Uti-

166 3830 228 3871 rots
247 3822 389 3884 signabant,
419 3827 519 3870 strenas
545 3821 690 3872 mittebant.
728 3836 787 3870 nans
803 3817 988 3871 tumobiisset'
1003 3814 1192 3880 (posttertium
1208 3816 1253 3864 tri·

166 3896 276 3948 Ovldias
288 3911 307 3946 r.
327 3898 477 3946 Fastorum:
494 3897 501 3924 ‘
514 3895 550 3948 At
568 3912 614 3946 cur
632 3898 691 3946 laeta
729 3893 880 3956 umpbnm)‘
891 3907 949 3940 curn
960 3891 1043 3939 allino
1051 3889 1193 3938 Alexandri
1203 3890 1255 3940 sor·

166 3973 218 4024 tois
237 3972 358 4022 dicuutur
380 3972 459 4020 verba
485 3972 625 4022 Kalendis?
657 3973 692 4020 Et
729 3968 947 4019 tanambaberet:
965 3971 1255 4028 uamqnmaecutasuut

165 4045 692 4111 danmalternaaaccipimusqaeprecesi’
730 4040 1255 4105 aouminimamfelicitatiejusimposnere

167 4122 329 4172 fltz'ltbollm
340 4123 372 4172 de
385 4122 514 4182 Mucella,
525 4122 691 4186 lib-quarto:
730 4119 833 4172 labem!
850 4120 954 4170 Betria.

165 4195 255 4248 ‘Nam
273 4197 350 4250 niodo
364 4195 504 4262 fulgentem
515 4198 596 4261 'l’yrio
607 4198 693 4248 subto·
763 4195 889 4248 Noaoliss
897 4193 1019 4259 ardorem]
1035 4195 1102 4248 Neu
1120 4164 1255 4266 perturbo·¹
