2948 4862
214 327 263 425 24
621 338 915 394 rnonncorrnrm.
950 317 953 323 ’

219 487 412 568 scribentis3
428 478 476 553 ita
484 486 679 554 dilaceratio
693 486 766 552 baec
779 485 1015 554 sententiarum
1029 503 1089 568 per
1100 485 1321 569 pmuntlreaec

220 591 440 661 condonanda
454 591 560 671 vigori
574 592 750 671 memoria,
773 611 829 657 res
849 591 902 656 vel
915 589 1085 674 temporis,
1106 590 1161 655 vel
1186 607 1316 668 causae,

218 693 274 760 vel
287 693 395 758 effecti
412 693 537 757 ratione
553 711 723 758 connexas
747 694 935 770 advocanti,
957 711 1066 776 neque
1080 692 1189 756 minus
1203 692 1319 758 studio

220 797 256 865 in
270 813 399 860 summu
413 793 615 876 parsimonia
628 799 661 858 et
674 795 835 861 brevitate
851 795 1014 860 notabilia
1035 793 1190 878 plurima,
1216 793 1319 858 nibil·

221 917 300 982 que,
323 895 414 978 quod
438 896 600 976 lectorum
623 898 806 976 interesset,
830 899 995 981 rebusque
1009 896 1230 978 intelligendis
1243 896 1320 960 illu·

222 997 432 1080 strandisqne
447 998 633 1082 prodesset,
652 998 883 1082 praetereundi.
928 999 1097 1063 Numeros
1112 1015 1246 1081 quoque
1257 1015 1321 1064 aa·

221 1098 374 1182 riumque
386 1120 519 1166 sensnm
533 1100 670 1166 offendit
690 1120 925 1190 nonuunquam
938 1101 994 1166 vel
1016 1099 1193 1164 earundem
1206 1099 1320 1166 litera·

221 1219 307 1280 runt,
332 1207 365 1284 et
387 1203 601 1288 syllabarum,
624 1201 680 1268 vel
702 1203 854 1268 similiter
868 1203 1051 1268 sonantium
1070 1219 1235 1278 recursus,
1260 1201 1320 1288 qni

222 1304 350 1372 Herelii
364 1307 515 1391 inprimis
529 1306 711 1390 elegantem
731 1325 867 1374 sensum
884 1307 1066 1372 insuaviter
1081 1303 1190 1369 sileat
1209 1305 1244 1369 in
1267 1304 1321 1370 lo·

220 1409 274 1474 cis
290 1424 330 1472 ιι.
344 1407 400 1474 20.
420 1413 454 1474 et
478 1408 533 1474 35.
577 1407 643 1472 Sed
666 1409 701 1472 in
724 1408 892 1492 ejusmodi
920 1409 1009 1472 locis
1027 1425 1094 1472 non
1112 1424 1244 1490 semper
1257 1425 1321 1471 aa·

221 1509 307 1574 rium
319 1515 506 1574 nostrarum
516 1509 681 1593 judicium
695 1510 806 1576 valere
823 1509 959 1588 videtur,
975 1528 1064 1588 cum,
1079 1508 1160 1594 quid
1169 1515 1321 1574 veteram

222 1609 457 1696 pronuntiandi
469 1609 720 1678 declamandive
734 1612 820 1676 ratio
831 1611 865 1674 in
874 1609 928 1676 bis
939 1629 1023 1676 voce
1033 1612 1113 1677 vivs
1125 1610 1320 1688 correxerit,

223 1712 355 1778 minime
374 1717 499 1794 pateat.
543 1711 672 1776 Deinde
694 1714 793 1778 ctiam
817 1713 983 1796 scriptori,
1005 1712 1164 1778 velociter
1185 1717 1220 1776 et
1241 1727 1321 1775 cum

222 1814 373 1896 gravime
384 1813 528 1897 quodam
542 1833 641 1880 sensu
654 1833 707 1878 res
721 1815 879 1892 volventi,
892 1832 953 1878 nec
966 1816 1049 1880 satis
1061 1815 1195 1880 vacanti
1206 1811 1321 1878 verbis

224 1921 259 1980 et
269 1915 424 1994 numeris,
440 1915 574 2001 ‚aliquid
588 1916 825 2000 indulgendum
838 1935 913 1980 esse
926 1915 1057 1981 videtur
1070 1921 1105 1980 et
1113 1917 1149 1980 in
1162 1915 1226 1993 bis,
1237 1919 1272 1979 et
1284 1915 1322 1978 in

222 2016 342 2082 iisdem
356 2017 529 2082 vocabulis
538 2024 615 2102 post
626 2020 726 2084 breve
737 2017 945 2083 intervallum
953 2017 1096 2082 iteratis.
1139 2016 1230 2082 Nam
1238 2015 1322 2082 Vel·

224 2118 289 2184 leio
303 2117 337 2182 id
350 2137 484 2200 qnoque
498 2138 603 2202 genus
624 2119 830 2201 negligentia
844 2119 994 2204 obrepsit
1014 2117 1063 2205 (v.
1078 2139 1108 2184 c.
1121 2135 1145 2186 ι.
1158 2119 1193 2183 2.
1213 2139 1266 2202 sq.
1286 2119 1321 2182 4.

98 2263 103 2276 .
224 2238 297 2302 sqq.
315 2235 353 2282 ιι.
365 2221 398 2283 4.
412 2220 465 2285 22.
477 2221 531 2285 79.
545 2222 621 2287 109.
633 2220 722 2304 tre),
733 2221 864 2286 etiamsi
879 2222 1006 2304 sapius
1016 2221 1177 2286 facillimo
1188 2221 1321 2302 negotio

224 2321 355 2395 variare
369 2327 502 2404 pqterat
516 2323 712 2402 dictionem,
725 2343 844 2408 neque,
867 2330 905 2387 ut
914 2324 1075 2407 nequiret,
1098 2323 1232 2388 dicendi
1251 2327 1322 2387 tem

224 2422 323 2506 inops
344 2429 425 2490 erat.
471 2425 506 2490 N
508 2445 562 2492 am
585 2426 619 2490 in
644 2427 744 2490 rebus
767 2422 944 2488 simillimis
962 2423 1172 2488 declarandis
1196 2423 1323 2506 saepius

184 2581 185 2585 ,
226 2525 396 2592 varianda
420 2527 558 2592 dictioni
571 2581 574 2587 .
585 2547 721 2614 operam
739 2525 844 2605 dedit,
871 2547 903 2592 v.
920 2546 950 2591 c.
975 2543 999 2589 1.
1015 2527 1048 2590 9.
1071 2543 1111 2589 ιι.
1125 2525 1179 2590 13.
1191 2525 1247 2591 50.
1264 2522 1321 2590 66.

221 2627 301 2694 Ιιιι.
320 2631 373 2694 ιιι.
399 2629 454 2695 so.
476 2629 530 2695 se.
552 2628 628 2694 0011.
637 2629 695 2694 os.
709 2629 833 2694 etrus
847 2630 923 2694 110.
944 2628 1021 2693 0011.
1040 2627 1113 2693 ua
1128 2635 1164 2692 a
1177 2627 1252 2692 115.
1274 2625 1324 2691 m·-
1464 2575 1465 2578 Ὺ

225 2731 341 2814 primis
354 2731 389 2794 in
403 2751 528 2794 morum
542 2735 575 2793 et
586 2731 707 2813 ingenii
721 2730 1011 2814 descriptionibus.
1054 2730 1121 2798 Sed
1130 2737 1323 2813 praeteren-

226 2831 434 2897 cusationem
446 2831 681 2910 festinationis,
696 2831 947 2914 supradictam,
967 2832 1005 2897 fit
1024 2849 1270 2915 nonnunquam,
1284 2837 1323 2896 ut

222 2932 297 3018 jam
309 2931 411 3017 paulo
426 2938 502 2998 ante
515 2941 677 3016 usurpato
691 2935 815 2998 nullum
828 2934 948 3000 melius
962 2936 1139 3020 aptiusque
1157 2941 1322 3000 occurrat.

229 3035 480 3119 Nonnunquam
513 3055 591 3101 vero
617 3037 831 3101 iterationum
854 3037 1005 3122 ejusdem
1028 3035 1185 3102 vocabuli
1217 3033 1323 3120 culpa

227 3137 448 3220 grammaticis
467 3142 500 3203 et
521 3138 674 3216 librariis,
697 3137 781 3202 utin
798 3137 875 3203 aliis
889 3138 1106 3222 scriptoribus
1116 3137 1263 3202 breviter
1272 3136 1332 3203 di·-

227 3238 388 3316 centibus,
404 3237 450 3304 ita
463 3225 498 3302 iir
510 3239 641 3305 Velleio
653 3239 766 3305 danda
778 3245 837 3304 est.
881 3238 937 3304 Illi
952 3241 1040 3304 enim
1054 3239 1109 3304 vel
1120 3237 1323 3303 vocabulum

227 3338 328 3404 modo
351 3339 565 3422 descriptum,
590 3340 681 3425 quod
706 3342 817 3408 auimo
842 3342 1092 3418 obversabatur,
1127 3339 1323 3423 repetebant

226 3441 275 3527 (v.
288 3461 318 3506 c.
336 3433 369 3504 ι.
382 3441 415 3505 9.
438 3440 544 3507 ιι.16.
559 3441 634 3506 116.
660 3441 736 3506 coll.
754 3439 814 3526 a),
835 3442 901 3521 vel,
915 3442 1192 3524 interpretationis
1205 3457 1322 3517 causa,

227 3544 365 3625 margini
380 3543 598 3620 ascribebant,
623 3543 697 3608 sive
711 3540 911 3606 vocabulum
930 3561 949 3606 e
969 3548 1128 3609 contextu
1142 3542 1256 3606 animo
1270 3559 1322 3605 re·

227 3645 418 3730 petendum,
442 3652 519 3709 utr.
532 3645 566 3708 l.
576 3651 662 3710 extr.
684 3645 756 3712 sive
775 3644 932 3726 integram
955 3643 1324 3722 sententiamvocabu·

227 3749 296 3814 lum
310 3749 455 3815 vicinum
470 3746 653 3824 continens,
677 3750 714 3809 ut
737 3760 779 3808 ιι.
790 3746 825 3810 7.
869 3743 958 3822 Quae
974 3744 1116 3828 denique
1129 3742 1325 3810 iterationes

228 3850 379 3935 ejusdem
393 3848 488 3914 vocis
501 3847 654 3930 gravitati
677 3847 863 3924 consnlrmt,
887 3865 937 3911 eae
952 3867 1012 3930 per
1031 3865 1067 3910 se
1084 3846 1208 3912 babent
1219 3861 1323 3910 excu-

228 3954 405 4031 sationcm,
420 3952 507 4017 adeo
521 3949 664 4029 laudem,
676 3954 714 4015 ut
729 3966 752 4012 ι.
767 3949 821 4013 12.
845 3964 884 4012 ιι.
898 3947 953 4012 35.
963 3948 1018 4013 98.
1032 3953 1116 4013 extr.
1323 3989 1327 3998 ·

273 4051 430 4133 Fuerunt,
442 4054 500 4140 qui
509 4053 723 4119 Latinitatem
731 4048 854 4116 Velleii
865 4045 1150 4132 reprehenderent,
1162 4053 1324 4132 tunquam

229 4153 447 4238 inelegantem
467 4163 502 4222 et
522 4176 544 4222 a
564 4155 723 4224 munditie
743 4152 810 4222 aevi
829 4151 993 4236 Augustei
1013 4149 1241 4232 recedentem
1260 4147 1328 4222 flul
