2908 4856
672 639 721 698 nt

248 890 308 988 o.
353 887 665 986 varran
704 811 1144 983 olrannum
1217 975 1221 982 ,

284 1158 438 1224 conten,
454 1153 1027 1220 nnmtonmus,1unuttt³ttnutuus.
1044 1155 1089 1208 ltu

532 1251 857 1308 munnmmus.

145 1679 202 1760 [Er
221 1681 250 1742 J.
272 1683 307 1744 c.
328 1682 368 1742 H.
393 1681 510 1744 Kmusii
532 1677 747 1764 Prolegomeais
770 1683 808 1746 arl
831 1681 889 1746 Ed.
913 1682 1014 1746 velleii
1035 1684 1106 1746 min.
1130 1685 1160 1747 in
1183 1677 1242 1750 Ed.

497 1795 617 1876 Bipont.
641 1807 732 1860 1811.
752 1797 889 1875 meusim]

141 1951 339 2050 vernunst
363 1985 505 2049 librorum
528 2011 545 2050 e
566 1991 717 2072 naufragio
741 2011 816 2053 unus
836 1998 951 2051 tantum
965 1989 1067 2050 Velleii
1089 1989 1242 2061 codicum,

141 2102 265 2164 quornm
277 2086 315 2147 ab
333 2084 427 2158 initio,
442 2096 476 2147 ut
490 2087 625 2164 vidimus,
640 2109 745 2172 magna
767 2089 902 2170 pancitas
917 2095 991 2158 erat,
1014 2085 1140 2148 fortuna
1154 2086 1242 2145 bene·

141 2175 212 2239 ficio
226 2189 357 2241 servatus
369 2190 423 2242 est.
465 2183 553 2245 Hunc
575 2186 687 2265 primus
703 2185 817 2246 invenit
829 2186 937 2246 Beatus
959 2182 1128 2254 Rhenanus,
1149 2179 1242 2242 Seles-

138 2273 290 2349 tadiensis,
304 2275 357 2348 vir,
382 2275 438 2337 sub
452 2281 664 2342 renascentium
686 2281 715 2342 in
737 2280 900 2344 Germania
923 2279 1071 2340 literarum
1093 2287 1240 2356 tempora,

139 2369 312 2444 eruditione,
325 2370 487 2453 diligentia,
502 2384 533 2436 et
546 2375 605 2437 fide
615 2378 796 2458 praecipuus,
809 2386 840 2438 et
854 2385 985 2438 veterum
997 2373 1078 2435 libris
1089 2372 1239 2453 proferen·
1372 2363 1382 2382 ⁰

138 2465 186 2527 dis
208 2476 239 2528 et
252 2467 441 2529 emendandis
461 2469 540 2531 haud
565 2471 676 2534 infelix.
717 2474 845 2535 Latebat
863 2471 966 2532 Velleii
987 2490 1063 2550 opus
1081 2489 1175 2548 nsque
1198 2469 1240 2532 ad

123 2581 246 2626 -annum
263 2573 351 2628 1515.
371 2566 400 2626 in
414 2567 524 2645 pluteis
538 2569 735 2632 Bibliotheca
749 2569 877 2632 coenobii
886 2567 1142 2630 benedictinorum
1154 2567 1238 2628 Mur·
1341 2592 1343 2605 ·

137 2659 279 2732 batensis,
304 2661 333 2722 in
349 2663 492 2742 superiori
506 2663 619 2726 alsatia
643 2665 701 2726 siti.
742 2665 855 2727 Praeter
876 2665 956 2726 hunc
978 2661 1115 2724 codicem
1139 2659 1238 2724 nullm

137 2747 212 2818 alins
233 2769 366 2838 repertus
381 2771 437 2822 est.
478 2760 558 2822 Nam
572 2782 668 2842 neque
691 2757 921 2822 Mediolanensis
943 2758 1002 2832 ille,
1022 2756 1110 2836 cujus
1123 2759 1240 2818 nancis-

136 2853 224 2914 cendi
239 2874 321 2934 spem
332 2857 444 2936 Georg.
460 2857 577 2918 Merula
590 2858 734 2920 Rhenarm
747 2865 889 2929 mouerat,
903 2875 999 2935 neque
1011 2855 1046 2926 is,
1061 2873 1149 2933 quem
1161 2855 1239 2916 Lab-

138 2947 212 3010 beus
225 2950 368 3012 Biblioth.
390 2953 469 3014 Nor.
485 2955 563 3016 Mas.
576 2954 606 3015 in
628 2955 810 3016 bibliotheca
824 2951 964 3033 quadam,
987 2951 1063 3012 libro
1076 2952 1167 3031 priori
1195 2952 1238 3038 in·

137 3057 230 3125 tegrc,
244 3043 395 3108 inventum
408 3058 561 3122 memorat,
576 3069 707 3130 unquam
722 3051 752 3110 in
768 3051 867 3110 lucem
881 3049 1023 3128 protracti
1037 3057 1115 3108 sunt.

87 3155 91 3162 '
177 3143 254 3212 Qum
267 3142 402 3204 codicum
418 3142 521 3204 velleii
531 3144 654 3223 jactura
667 3146 696 3206 io
711 3154 824 3206 tantum
838 3143 967 3204 dolenda
979 3151 1035 3216 eet,
1051 3142 1080 3202 in
1095 3150 1236 3222 qnantum

136 3239 340 3304 Murbacensis
352 3241 410 3302 iste
431 3239 507 3302 liber
526 3241 692 3302 mutilatum
716 3250 747 3302 et
769 3241 961 3321 depravatum
982 3238 1125 3300 Velleium
1150 3239 1235 3301 nobis

135 3335 267 3398 tradidit.
308 3335 386 3400 Nam
401 3338 441 3398 ab
454 3335 536 3399 initio
553 3346 586 3399 et
607 3337 666 3399 tine
681 3337 800 3399 mutilus
814 3345 897 3410 eram
922 3335 952 3396 in
976 3335 1074 3398 medio
1095 3336 1236 3416 plurimas

135 3433 266 3495 babebat
287 3435 420 3508 laconas,
443 3433 531 3514 longe
552 3433 708 3494 maximam
723 3433 798 3495 libro
822 3450 848 3493 r.
869 3431 986 3503 medior
1007 3429 1237 3514 faedissimirqua

133 3528 209 3592 vitiis
231 3549 269 3590 ac
283 3531 457 3612 corruptelis
471 3529 615 3593 scatebat.
657 3530 797 3591 incidisse
810 3528 887 3589 enirn
910 3526 1027 3589 ridetur
1038 3527 1068 3587 in
1083 3527 1235 3589 bominum

132 3624 392 3687 incuriosorum-et
405 3626 564 3687 insciorum
578 3644 692 3699 manas,
707 3625 758 3706 qui
772 3625 819 3685 vel
834 3643 852 3684 a
866 3622 927 3685 situ
941 3642 1009 3684 cunr
1023 3642 1083 3683 non
1097 3622 1236 3684 defende·
1350 3677 1354 3690 ,

131 3731 205 3793 rent,
220 3721 266 3782 acl
278 3721 350 3782 folia
363 3721 500 3801 quaedam
524 3722 652 3783 afronte
666 3731 696 3816 et
716 3743 733 3782 e
748 3719 857 3792 medio,
883 3720 983 3782 nescio
1007 3739 1083 3799 quos
1105 3719 1136 3779 in
1151 3737 1234 3793 usus,

131 3825 313 3880 enecarent.
340 3817 486 3878 Praeterea
499 3817 557 3878 alia
568 3818 694 3878 accessit
704 3817 839 3897 improba
851 3836 966 3888 manus,
977 3836 1044 3896 ane
1055 3815 1235 3876 velutmem·

133 3913 253 3976 branam
266 3919 426 3985 tentatura,
449 3934 495 3987 an,
513 3913 604 3974 literis
618 3915 783 3994 expunctis,
797 3912 979 3992 superscribi
992 3921 1106 3991 posset,
1129 3913 1159 3973 in
1175 3911 1236 3973 tine
1348 3925 1351 3932 '

131 4009 271 4072 nonnulla
293 4006 389 4070 er'asit.
431 4009 603 4071 Lacunosus
627 4011 715 4094 etiam
737 4021 802 4071 erat
824 4020 886 4071 tam
911 4007 1119 4070 versiculorum
1143 4028 1232 4087 qnam

132 4107 287 4169 uerborum
310 4105 517 4170 omissionibus
540 4105 709 4186 frequenter
730 4107 838 4178 obviis,
874 4126 941 4186 qua
966 4106 1012 4167 vel
1035 4105 1233 4179 librariorum,

131 4205 190 4264 sire
217 4201 436 4266 Mnrbacensis
454 4203 516 4265 sive
543 4203 754 4282 antiquiorum,
783 4201 976 4286 negligentia,
1001 4203 1047 4265 vel
1069 4201 1231 4264 eorundem

199 4299 468 4365 marasmon..
647 4299 743 4354 enee.
1074 4298 1134 4350 arr
1241 4327 1246 4334 ·
