2956 4834
227 359 294 428 496
564 371 756 423 ancnnsos
782 371 996 423 nnrrrouuu

229 563 235 570 -
267 527 363 606 lancy.
387 532 405 585 8
428 522 646 602 msj.-Editor
669 523 773 603 polius
793 523 898 603 ingenii
922 524 966 584 sui
989 532 1020 584 et
1043 540 1149 583 seusus
1172 521 1344 602 impeturn,

165 609 168 616 ¹
228 647 231 656 ·
268 643 357 702 quam
381 621 504 700 vestigia
526 619 637 680 codicis
657 627 686 680 e't
710 619 846 680 editionis
869 639 915 698 pr.
937 619 1076 680 rationem
1091 617 1238 688 criticam,
1252 619 1347 699 inge-

227 757 233 764 ·
268 722 347 780 nium
362 719 489 780 auctoris
503 719 557 789 sni,
572 728 604 778 et
614 718 793 796 optimorum
807 717 984 778 criticorum
996 715 1113 794 judicia
1127 728 1262 787 secutus,
1280 735 1346 776 non

269 818 339 878 satis
351 815 421 876 felix
435 816 490 876 fuit
503 834 558 875 nec
573 815 602 874 in
618 813 781 892 purgando,
805 823 837 874 ut
860 815 991 886 rebatur,
1011 823 1106 884 textu,
1128 833 1183 872 nec
1204 812 1235 872 in
1262 813 1347 874 reci-

176 935 183 942 ·
269 914 382 995 piendis
396 913 521 973 virorum
536 911 703 984 doctorum,
718 931 793 992 quos
815 913 921 992 saepius
943 912 1057 981 reticet,
1072 909 1268 988 conjecturis,
1282 929 1344 970 nec
1379 917 1387 928 '

268 1013 296 1072 io
309 1009 485 1089 reperiendis
499 1007 764 1079 emendationibus,
779 1027 853 1084 quas
875 1017 974 1068 tamen
988 1007 1141 1077 audacter,
1157 1015 1187 1065 et
1201 1025 1344 1065 nonnun-

269 1128 357 1189 quam
380 1106 479 1176 tacite,
500 1105 528 1164 in
549 1113 719 1165 contextum
734 1105 861 1164 admisit.
903 1107 986 1165 Inter
999 1102 1088 1183 ipsius
1104 1113 1201 1162 tamen
1216 1102 1343 1163 inventa

268 1215 336 1266 sunt
350 1204 489 1264 nonnulla
511 1200 598 1262 laude
622 1221 681 1261 nou
707 1201 834 1280 indigua.
877 1203 973 1280 [lions
987 1200 1046 1261 lide
1060 1200 1273 1278 descripsimus
1286 1201 1342 1260 riri

268 1301 350 1364 docti
373 1299 522 1378 judicium
548 1298 586 1358 de
610 1307 720 1370 nostra
739 1300 795 1357 hac
816 1296 957 1358 editio'ne.
996 1302 1128 1359 At.vero
1148 1297 1340 1358 excusandus

268 1399 365 1480 magis
387 1417 474 1478 quarn
502 1394 670 1476 culpandus
694 1394 791 1454 editor
816 1393 1002 1474 bipontinus,
1024 1396 1075 1475 qui
1097 1395 1193 1455 multa
1215 1396 1295 1468 locs,
1319 1416 1339 1456 a

269 1494 434 1558 novissimis
461 1493 582 1564 criticis,
598 1491 724 1552 manime
746 1511 764 1552 a
788 1493 973 1566 Bubulcum,
996 1493 1124 1553 feliciter
1147 1503 1252 1552 curata
1277 1513 1336 1552 non

161 1659 169 1675 ,
268 1587 550 1664 tentaturusdenno,
562 1606 655 1666 neque
666 1589 769 1648 horum
783 1589 911 1650 virorum
926 1591 1040 1670 egregie
1053 1591 1169 1651 inventa
1184 1591 1338 1670 neglectu·

268 1710 316 1750 rus
327 1695 400 1757 erat,
415 1685 439 1746 si
453 1685 490 1746 ad
505 1680 608 1745 manns
629 1685 787 1774 siluisset
799 1687 967 1748 Ruhnkenii
980 1687 1083 1760 editio,
1099 1706 1189 1767 quam
1204 1707 1264 1748 non
1280 1690 1337 1749 nisi

267 1807 304 1848 ex
326 1782 575 1863 Ephemeridibus
599 1783 673 1845 liter.
700 1785 854 1863 Goetting.
874 1785 1022 1864 cognitam
1048 1785 1164 1858 habuit,
1179 1786 1237 1845 sub
1251 1786 1336 1864 prelo

263 1883 326 1961 jam
340 1879 463 1940 sudante
476 1879 597 1940 Velleio.
638 1879 726 1941 Unde
746 1879 872 1952 sactum,
892 1891 925 1941 ut
944 1901 995 1941 eas
1009 1891 1123 1941 tanturn
1138 1881 1191 1943 siri
1206 1883 1336 1964 sagacis·

268 1979 332 2042 simi
348 1977 568 2039 emendationes
581 1977 625 2037 vel
637 1977 667 2037 in
681 1997 767 2038 usum
778 1997 861 2038 sunm
876 1987 1014 2052 verteret,
1030 1981 1075 2039 vel
1096 1981 1202 2040 saltem
1218 1982 1332 2053 citaret,

230 2123 233 2128 ι
269 2097 344 2161 quas
368 2097 386 2138 a
407 2077 499 2136 docto
524 2076 655 2136 Censore
676 2075 811 2136 laudatas
834 2075 956 2136 videret.
999 2076 1153 2150 Miramur,
1175 2077 1333 2138 Krausium

268 2181 326 2238 hoc
340 2192 397 2234 non
412 2171 661 2234 animadvertisse.
703 2174 841 2234 Ceterum
863 2173 964 2246 babet,
991 2194 1051 2253 quo
1070 2175 1189 2254 iugenio
1203 2195 1257 2235 suo
1271 2195 1333 2254 grs-

268 2273 378 2334 tuletur
391 2267 488 2328 editor
506 2267 686 2344 Bipnntinus,
711 2269 792 2348 quod
812 2269 936 2330 subinde
959 2271 989 2330 in
1014 2271 1134 2332 easdem
1149 2291 1220 2333 cunr
1234 2271 1333 2332 Ruhn-

267 2367 352 2428 lsenio
367 2383 449 2424 veras
465 2365 652 2442 conjecturas
666 2365 794 2444 incidit]

231 2473 308 2538 1790
329 2456 522 2524 Mannbemii.
544 2470 562 2522 8
585 2462 654 2522 min.
679 2472 818 2524 accurate
842 2463 879 2524 ad
902 2465 1029 2544 optimas
1042 2465 1189 2527 editiones
1204 2466 1331 2546 recogni-

267 2574 327 2624 tus.
370 2558 418 2619 Sic
433 2557 551 2637 quidem
565 2557 679 2619 titulus.

231 2668 308 2730 1794
329 2658 374 2717 Es
399 2655 566 2716 recensione
597 2655 751 2717 societatis
785 2656 962 2735 Bipontinae.
1005 2659 1222 2740 Norimbergae,
1250 2659 1328 2741 apud

267 2753 380 2832 Riegel.
399 2761 446 2813 ta.
462 2751 522 2810 sine
536 2751 625 2811 notis.

229 2857 317 2912 1800.
340 2847 503 2908 Krousiana
529 2847 643 2924 major:
667 2848 702 2908 C.
727 2847 833 2908 Velleii
857 2847 1004 2910 Paterculi
1028 2871 1095 2929 quse
1118 2861 1275 2931 supersunt
1295 2872 1330 2913 ex

267 2942 395 3004 historice
409 2943 497 3002 Rom.
512 2943 610 3003 Libris
624 2943 752 3004 dnobus.
796 2945 959 3016 Recensere
981 2955 1012 3006 et
1033 2948 1245 3009 commentario
1267 2968 1330 3027 pcr-

267 3053 361 3122 petuo
374 3040 518 3100 illustrare
531 3039 625 3118 coepit
638 3040 748 3100 Christ.
760 3041 837 3101 Des.
850 3042 930 3102 lani.
953 3043 1142 3104 continuarit
1155 3046 1205 3106 Jo.
1220 3045 1329 3107 Christ.

203 3175 211 3190 ·
267 3141 360 3202 Henr.
375 3140 501 3200 Kranae.
544 3140 746 3198 Accesserant
768 3138 868 3197 Caroli
888 3141 1092 3218 Morgensteru
1114 3143 1329 3204 commentatio

267 3235 304 3295 de
320 3236 423 3298 Velleii
437 3235 496 3296 lide
510 3235 661 3306 historica,
672 3239 733 3296 dcc.
748 3244 780 3296 et
792 3237 841 3296 Jo.
856 3237 999 3298 Friderici
1013 3237 1103 3298 Herel
1117 3239 1328 3300 Annotationes

266 3331 379 3392 critica
393 3332 422 3390 in
438 3332 591 3391 Velleium.
614 3331 732 3409 Lipsiae,
746 3333 891 3394 sumtibus
906 3335 939 3395 E.
957 3337 992 3394 B.
1008 3332 1208 3396 Schwiclrerti.
1224 3347 1242 3397 8
1259 3339 1328 3414 maj.

266 3430 341 3488 —ln
353 3427 524 3506 praelatione
539 3429 694 3488 consilium
715 3429 851 3489 editionis
867 3431 956 3508 hujus
971 3432 1015 3491 sic
1030 3431 1152 3512 exponit
1166 3433 1326 3493 Kreusins:

267 3533 276 3560 ‘
292 3525 400 3587 Deerat
410 3523 501 3584 editio
515 3525 618 3584 Velleii
634 3526 707 3586 bene
719 3525 868 3604 parabilis,
887 3528 916 3587 in
938 3549 997 3608 qua
1012 3529 1138 3589 exomni
1152 3540 1237 3609 parte
1251 3532 1330 3590 satis·

265 3622 377 3684 lactum
389 3630 516 3682 enatant
530 3620 739 3682 eruditioribus
764 3623 933 3696 lectoribus,
946 3636 997 3684 aut
1011 3625 1045 3685 iis
1059 3625 1112 3703 qui
1126 3624 1329 3687 oblectationis

249 3731 296 3782 *et
309 3721 472 3783 studiorum
488 3718 649 3780 hberalium
663 3739 757 3780 cause
770 3731 896 3781 veterem
911 3723 1082 3800 scriptorem
1099 3742 1187 3783 manu
1202 3735 1327 3796 versant,

267 3817 310 3878 vel
329 3817 480 3896 juventuti
504 3818 699 3898 provectiori;
722 3818 752 3879 in
775 3839 834 3898 qua
852 3820 940 3880 lectio
965 3820 1065 3880 Velleii
1090 3819 1171 3880 lacta
1184 3820 1220 3881 sit
1235 3821 1327 3882 miuus

265 3915 449 3992 impeditior;
473 3916 502 3978 in
516 3934 575 3995 qua
589 3915 688 3976 omnia
702 3915 731 3976 in
746 3925 863 3994 promtu
885 3925 976 3996 atque
998 3926 1102 3994 parata
1116 3917 1185 3990 sint,
1200 3935 1269 3996 quae
1283 3919 1328 3978 rel

265 4011 475 4072 adlectionem
489 4013 720 4091 dijudicandam,
737 4015 782 4074 vel
797 4013 836 4073 ad
851 4013 1013 4076 dictionem
1037 4013 1268 4093 intelligendam,
1283 4015 1328 4073 rel

265 4105 304 4162 ad
326 4126 371 4166 res
395 4111 594 4188 expediendas
614 4111 779 4191 legentibus
800 4110 838 4170 ad
862 4132 967 4173 manus
988 4131 1052 4171 esse
1065 4110 1326 4172 debeant—Telis

263 4199 401 4262 editionis
425 4203 559 4268 delectus
583 4207 785 4268 intercessae
810 4206 900 4268 fuisse
924 4209 1039 4268 videtur
1065 4215 1198 4269 auctoris
1220 4207 1327 4286 egregii
