3076 4858
230 351 275 420 92
561 371 594 418 c.
612 367 773 450 ,vnnnnu
801 365 1015 418 sarnacum

233 509 433 594 americus
443 541 445 550 v
455 529 604 597 musque
618 511 736 586 excisa
750 509 946 578 Teutonum.
982 507 1122 590 Quinto,
1133 509 1220 578 citra
1229 507 1337 596 Alpes

232 613 265 678 iu
289 613 418 700 campis
442 613 563 698 quihus
589 633 718 690 nomen:
735 619 807 678 crat
830 611 1032 692 Raudium
1063 614 1136 698 ipse
1160 613 1278 680 consul
1304 620 1340 678 et

232 715 414 800 proconsul
441 714 491 795 Q..
508 715 658 786 Lutatius
670 713 821 782 .Gatnlus
843 715 1113 782 fortunatissime·
1127 716 1339 782 decertavere

233 817 353 902 praelio
374 817 434 902 [U.
450 838 479 883 c.
494 817 569 886 656.
584 836 614 882 a.
629 815 705 884 Chr.
719 816 869 897 n.100.]:
894 837 985 886 ceesa
1003 824 1060 883 aut
1073 825 1176 903 capta
1193 817 1339 902 amplians

235 927 336 984 cc.¹¹⁸
350 919 454 988 millia
464 919 642 990 hominum.
687 921 767 986 Hac
782 919 927 986 victoria
939 920 1075 986 videtur
1083 922 1246 986 meruisse
1260 919 1340 988 Ma·

234 1022 320 1101 rius,
334 1042 376 1088 ne
391 1021 468 1106 ejus
483 1019 566 1088 uati¹¹
586 1022 825 1108 rempublicam
848 1021 1039 1106 paeniteret,
1063 1040 1104 1087 ac
1128 1022 1217 1088 huna
1238 1020 1338 1088 malie

235 1121 489 1208 repensassa¹²¹
531 1125 657 1190 Sextus
671 1125 866 1200 consulatus
881 1124 985 1190 veluti
1000 1125 1176 1209 praemium
1191 1125 1224 1190 ei
1243 1123 1340 1188 meri·

236 1227 347 1295 torum
360 1227 470 1296 datus.
493 1228 551 1312 [U.
567 1249 597 1294 c.
618 1228 693 1294 654.
719 1247 749 1292 a.
772 1225 847 1292 Chr.
862 1246 894 1291 n.
907 1227 977 1308 99.]
1000 1227 1080 1292 Non
1103 1233 1212 1292 tamen
1237 1225 1339 1310 hujus

237 1329 428 1398 consulatus
441 1330 613 1396 fraudetur
635 1329 752 1414 gloria,
767 1347 836 1412 quo
851 1327 983 1395 Servilii
1002 1327 1173 1408 Glauciae,
1188 1326 1340 1394 Saturni·

236 1429 337 1514 nique
349 1431 490 1516 Apuleii
504 1431 662 1512 furorem,
677 1431 878 1496 continuatis
899 1430 1080 1497 honoribus
1097 1430 1340 1515 rempublicam

235 1531 466 1611 lacerantium,
480 1539 515 1615 et
529 1533 649 1618 gladiis
672 1553 806 1618 queque
826 1543 861 1600 et
880 1533 973 1600 cade
997 1534 1136 1600 comitia
1159 1532 1342 1600 discutien-¹

237 1633 330 1712 hum,
345 1636 460 1702 consul
480 1637 581 1703 armis
606 1636 840 1722 cumpescuit,‘
861 1635 1075 1721 hominesque
1097 1633 1290 1702 exitiabiles
1304 1635 1340 1700 in

238 1735 392 1805 Hostilia
405 1733 512 1804 curia¹¹
526 1743 631 1804 morte
646 1739 831 1804 mulctavit.

282 1839 334 1912 13,
358 1840 499 1919 Deinde,
512 1840 698 1926 interjectis
716 1841 838 1925 paucis
860 1841 966 1918 annis,
982 1840 1186 1908 tribunatum
1202 1840 1275 1908 iniit
1290 1837 1339 1904 Μ.

240 1939 358 2008 Livius
372 1943 506 2010 Drusus
522 1943 580 2026 [U.
593 1963 622 2009 c.
638 1941 713 2010 663.
729 1963 759 2008 a.
776 1943 851 2008 chr.
867 1964 898 2008 n.
913 1943 996 2024 90.],
1022 1946 1073 2010 vir
1097 1945 1341 2020 nobilissimus,

238 2042 540 2128 eloquentissimus,
564 2045 809 2124 sanctissimus,
842 2046 977 2112 meliore
1004 2049 1038 2112 iu
1066 2048 1182 2113 omnia
1209 2043 1341 2129 ingenie

239 2145 431 2231 asinoque,
445 2167 545 2232 quam
564 2149 706 2228 fortuna,
726 2169 817 2214 usus.
862 2147 1021 2227 Quicum
1042 2151 1173 2218 senatui
1195 2150 1342 2234 priscum

239 2249 414 2320 restituere
438 2257 575 2334 cuperet
601 2251 716 2330 decus,
740 2257 776 2316 et
790 2251 920 2336 judicia
945 2254 990 2318 ah
1012 2254 1178 2337 equitibus
1201 2250 1245 2316 ad
1265 2269 1341 2315 euru

239 2351 413 2434 traruserre
426 2353 597 2436 ordinem
620 2353 768 2441 (quippe
787 2373 861 2420 eam
885 2360 1081 2438 potestatem
1106 2353 1195 2420 nacti
1214 2352 1343 2436 equitas

241 2451 449 2548 Gracchanis
467 2456 609 2540 legibus,
625 2477 702 2523 cum
722 2459 757 2522 in
778 2458 900 2522 multos
915 2457 1119 2522 clarissimos
1133 2463 1234 2540 atque
1249 2454 1343 2520 innc-

241 2555 453 2625 centissimos
466 2559 558 2628 uiros
581 2560 770 2638 saepissent,
797 2565 867 2626 tum
892 2557 932 2624 Ρ.
948 2557 1122 2638 Rutilium,
1146 2558 1252 2624 virum
1273 2574 1347 2624 nou

273 2797 287 2832 ⁶
303 2799 355 2848 Per
369 2815 447 2863 qam,
456 2802 597 2851 mortun
615 2801 723 2864 cuuth,
738 2801 840 2852 adnuit
854 2800 928 2850 unte
937 2799 1047 2862 saram
1063 2799 1164 2850 Seruilii
1184 2799 1301 2859 Glaucia,
1318 2802 1343 2847 et

241 2861 367 2913 &urata
376 2865 483 2927 Apalett,
493 2867 537 2929 qui
545 2865 678 2916 lacerum
688 2867 856 2930 rempublicam
874 2867 1023 2930 permade
1039 2865 1088 2916 sihi
1105 2864 1246 2928 dignita,
1256 2868 1279 2914 et
1299 2862 1344 2930 qul

241 2925 385 2991 Μινώα
395 2927 572 2980 meantia
579 2929 681 2996 aethan,
690 2935 714 2980 et
724 2933 788 2981 eade
800 2930 949 2982 astantium.

707 3075 884 3098 W

243 3167 381 3220 Ruhnken.
400 3169 450 3222 Ed.
470 3186 509 3236 pr.
582 3171 629 3222 liar
649 3171 699 3223 Ch.
719 3172 1057 3224 tvaim...rnetduu.-ru
1082 3170 1131 3222 ltd.
1148 3185 1189 3236 pr.
1209 3169 1345 3220 Rudis.-

244 3235 273 3280 ll
292 3231 335 3282 ltu
345 3233 456 3286 Putean·
479 3243 507 3287 et
524 3236 557 3286 Al
577 3273 584 3287 .
602 3239 671 3302 Nep.
691 3236 741 3287 nd.
761 3253 800 3302 pr.
815 3239 909 3288 6.-12
926 3237 1046 3286 Bcecler.
1063 3236 1180 3300 conjecit
1198 3233 1263 3284 hats
1281 3235 1345 3284 nata

243 3311 336 3359 repm.
352 3299 421 3362 quod
442 3301 468 3348 in
489 3308 591 3362 textum
608 3303 710 3365 recepit
726 3301 843 3352 cludine.
877 3301 994 3351 Eundem
1013 3315 1116 3350 sensum
1134 3305 1244 3363 utraque
1263 3298 1345 3364 possit

244 3361 370 3412 sustinere
389 3364 485 3427 lectio,
507 3365 574 3417 idem
594 3367 661 3416 enim
680 3372 755 3418 aaut
774 3365 834 3417 tom
852 3367 921 3416 mlta
943 3381 974 3417 ac
995 3365 1061 3416 heria
1079 3367 1141 3416 mdc
1158 3378 1300 3429 repensare,
1322 3377 1345 3413 r.

741 3525 848 3578 NO'l'AE

277 3651 286 3686 ¹
303 3652 415 3718 maiis]
441 3653 530 3720 Prepa
547 3655 681 3706 Vercellas
696 3654 775 3720 (Ver-
814 3653 882 3717 dius,
901 3653 970 3704 torte
990 3653 1068 3704 etlam
1092 3653 1187 3719 vadus,
1203 3653 1346 3718 legeretur,

243 3730 307 3792 cell)
317 3729 532 3779 lnPedemcntic.
815 3745 844 3780 ee
862 3731 926 3780 mle
942 3729 1008 3780 hate
1022 3743 1155 3793 repensum
1164 3747 1174 3789 ,-
1198 3729 1224 3780 id
1244 3735 1295 3793 eet,
1314 3744 1345 3779 ac

246 3819 254 3830 ·
278 3803 374 3868 sca]
390 3803 514 3868 Plerique
526 3802 776 3854 traduutcteraesee
815 3805 900 3870 honis,
920 3819 978 3870 quas
999 3813 1053 3856 tarn
1075 3805 1225 3871 reipuhllcoe
1247 3805 1348 3869 attulit,

246 3879 362 3929 dumata
372 3879 463 3942 millia,
479 3878 527 3928 aad
546 3879 775 3929 nomulhtmurm
815 3891 997 3946 campeanam
1018 3882 1097 3945 mula,
1122 3895 1231 3948 quorum
1251 3879 1348 3932 exinde
1453 3903 1463 3908 -

248 3957 279 4005 c.
290 3955 376 4004 nith.
815 3969 893 4008 caura
903 3955 963 4008 fuit.

279 4027 292 4064 Ι·
308 4030 349 4078 Ne
366 4029 417 4091 dae
431 4029 496 4093 cett]
528 4029 572 4081 Ne
590 4029 776 4094 rempahllcam
847 4031 859 4066 ¹
876 4033 908 4082 la
923 4031 1031 4082 limate
1048 4031 1127 4097 wie]
1153 4032 1197 4082 dic
1215 4029 1290 4081 dicta
1306 4037 1348 4082 eet

247 4105 397 4169 peniteret,
409 4107 659 4172 quadamtenus,
674 4114 703 4158 et
717 4121 776 4158 erum
816 4108 850 4158 ah
868 4107 993 4172 llcetllio,
1011 4107 1187 4158 Romanorum
1209 4121 1281 4174 repe,
1301 4107 1348 4174 qui

246 4173 481 4230 h'ahalreatctsem.
816 4183 912 4251 primur
922 4185 991 4237 litem
1000 4183 1138 4235 exstruxit.

280 4252 639 4322 'Aetammlhrepmmd
662 4259 779 4310 Commo·
1143 4283 1145 4290 ·
