2908 4856
379 368 566 422 trrsronrn
590 364 757 419 nouantur
782 369 856 420 niu.
880 369 921 416 rr.
941 350 1015 416 112.
1176 339 1245 418 ibt

145 521 211 565 ueta
222 514 248 564 iu
260 519 359 580 pu'gnas
370 523 414 566 aut
426 521 532 580 raptus,
542 520 573 565 nt
585 515 677 579 inpos,
710 513 748 564 nd
760 513 909 576 vindictam,
919 517 948 562 et
959 511 991 562 ad
1004 509 1191 574 detergendam
1208 507 1246 575 lg·

151 592 321 655 Minotaurus,
340 591 436 657 Equos,
459 591 551 656 Apros,
569 591 677 642 Poreos.
715 591 852 640 nominism
875 605 890 638 s
911 589 989 652 regiis
1011 592 1154 650 receptam.
1179 585 1246 652 lips.

147 667 235 716 'Etiam
254 668 332 731 prisci
344 669 466 719 Germani
484 666 598 718 ierernut
615 669 677 717 ima·
717 667 766 724 Qst
784 668 882 716 mm
898 680 985 728 onore,
1002 663 1056 729 qo]
1083 665 1181 715 Volunt
1201 665 1245 715 aiii

150 740 299 805 ginesinter
308 744 541 807 signababuernut.
574 743 675 809 Aquila
715 743 806 792 lstbaee
819 743 870 792 dici
882 743 914 792 de
925 741 1065 790 militibus:
1083 744 1112 789 at
1121 754 1170 805 ego
1181 746 1245 804 puto

145 829 213 868 uero
230 820 286 868 bero
304 814 418 882 dignitas
429 819 508 868 etiarn
529 819 596 882 apud
614 818 677 868 alias
715 818 768 869 (lici
775 818 878 882 deipsis
886 817 1001 868 ducibus.
1035 815 1247 867 Ceteroruverbe

144 899 242 956 gentes
257 893 316 944 fult.
348 894 444 943 Persis.
454 895 540 959 regaie
558 895 606 945 hoe
625 895 677 958 oig-
712 896 800 944 'omnia
811 896 847 944 sic
857 893 940 943 iracta
949 899 1026 954 suut,
1043 899 1073 941 ut
1084 906 1134 944 non
1145 892 1245 956 podest

149 983 219 1019 nom.
253 971 475 1021 Formallomsnss
485 969 604 1035 Aquilae:
621 971 677 1032 pln-
714 971 885 1035 pronunciare
897 984 954 1019 cnm
966 968 1067 1033 Lipsio,
1085 981 1178 1017 nte-ee
1193 981 1246 1018 nou

146 1047 349 1095 unrexleudeus
363 1061 467 1096 snmuns
484 1047 564 1096 haste
576 1045 678 1096 insiste·
715 1061 816 1111 rapere.
841 1048 915 1096 Grst.
949 1046 998 1102 Qui
1018 1047 1116 1094 meliust
1137 1061 1153 1094 o
1172 1059 1245 1108 more,

148 1120 204 1182 bet,
214 1135 247 1170 ex
264 1137 327 1171 auro
338 1122 380 1171 rei
391 1127 516 1186 argento:
534 1131 562 1172 et
580 1121 677 1172 fulmen
715 1126 769 1188 qa]
794 1124 951 1189 legebatur,
966 1124 1064 1172 molinus
1077 1137 1156 1170 more
1172 1123 1245 1185 iuspe-

150 1213 219 1263 sape
231 1200 356 1263 unguibus
369 1200 482 1260 tenebat,
499 1199 570 1265 qussi
578 1199 677 1263 jacula·
714 1199 804 1248 rotonis
817 1200 856 1248 ssi
872 1203 1000 1262 nepesina
1034 1197 1111 1246 Unde
1129 1195 1246 1246 doetissi-

148 1281 216 1326 tttra.
237 1276 341 1339 Lipsius.
715 1289 770 1326 utos
782 1276 881 1326 Isaoius
893 1276 1027 1325 Ponteuus
1038 1277 1098 1324 eem'
1106 1269 1245 1325 leetioueur

152 1365 156 1372 ’
193 1351 284 1414 Militi]
316 1353 411 1416 Vulgo,
442 1353 534 1403 militis.
583 1351 676 1418 liiils'is]
715 1350 789 1413 iecit,
807 1365 864 1416 qne
883 1350 951 1401 baud
964 1350 1042 1400 dubie
1059 1350 1154 1400 ceteris
1165 1351 1245 1401 omui·

148 1427 369 1478 Cansserlctoriae
377 1427 677 1489 militesmaximefuere,
715 1425 1005 1490 bnspreierendafnit.
1026 1425 1129 1475 eamn.

148 1517 208 1552 cunr
218 1501 296 1552 duces
307 1517 397 1566 paruus
412 1503 550 1568 explorato
561 1503 678 1568 proiecti
747 1502 866 1563 Profecto
873 1499 1013 1565 morsm]
1030 1501 1087 1550 ‘Ad
1096 1515 1172 1567 qoem
1180 1505 1187 1527 ’
1196 1501 1246 1572 (alt

142 1577 299 1628 incidissent
311 1579 337 1628 in
348 1579 443 1630 hostes.
461 1579 536 1631 iden.
710 1579 841 1644 ‹Vegetins
852 1578 898 1628 lib.
911 1592 942 1628 ιι.
953 1593 1011 1642 esp.
1023 1578 1075 1641 lo.)
1083 1579 1092 1607 ‘
1100 1579 1244 1629 castrorum
1302 1634 1304 1638 ¹

144 1689 148 1694 -
186 1653 349 1717 Vindicium]
365 1655 427 1704 Non
438 1669 469 1705 eo
481 1661 590 1719 tautum,
608 1657 676 1720 quod
712 1656 819 1719 positio,
835 1655 895 1704 valli
908 1662 935 1705 et
945 1654 1018 1704 fosse
1036 1654 1176 1704 destinatio
1187 1667 1246 1718 per·

146 1728 285 1780 niddsaui
295 1730 422 1792 legerent,
432 1730 518 1780 loonur
526 1738 556 1780 ot
566 1730 677 1781 frontum
716 1732 825 1781 tinebat.
858 1731 1088 1781 Taberuseulavel
1103 1741 1169 1780 casn
1181 1729 1246 1779 mlli-

144 1805 250 1854 uoterit
260 1805 410 1856 Manutius:
429 1805 474 1856 sed
493 1805 544 1854 init
561 1813 588 1854 et
599 1806 677 1856 aliud.
716 1813 771 1855 turn
783 1820 840 1856 anm
852 1805 1043 1869 impedimentis
1053 1805 1170 1856 omuibus
1180 1812 1245 1855 uutn

146 1879 678 1944 Namslrehooreponeret,siveretineret
715 1883 797 1946 ipsine
819 1882 984 1932 enrsbsntar.
1025 1883 1160 1932 Praeterea
1181 1881 1246 1947 regri

144 1956 677 2019 alterum,nonfieritsmen,utsiuemen·
715 1958 926 2018 contubernales,
948 1963 976 2007 et
999 1957 1094 2007 mediol
1116 1973 1131 2006 s
1152 1957 1245 2022 quibbs

144 2032 181 2084 do
192 2033 509 2093 essensnluratlrertebet.
542 2032 637 2098 ltaque
648 2043 678 2082 ut
715 2033 883 2096 eursbautur,
898 2033 1025 2095 vehicula,
1041 2033 1180 2096 segittsrii,
1197 2047 1246 2082 nee

137 2110 258 2160 sutelis
275 2110 405 2160 medicine
417 2124 481 2174 opus
496 2117 578 2172 esset,
596 2123 629 2158 ue
640 2116 678 2160 te·
716 2108 1044 2174 uouierrameutnquibns
1055 2109 1246 2159 nsterisseea-

145 2188 413 2252 urerenegllgeretnr,
432 2188 585 2237 asteriscum
600 2199 679 2251 eppo-
715 2193 760 2237 tur
778 2187 820 2236 rel
838 2185 961 2236 ceditur:
979 2187 1042 2237 ltern
1058 2186 1128 2249 ligna
1140 2186 1181 2236 rel
1194 2193 1246 2236 stt·

146 2266 207 2314 snit.
234 2265 296 2328 Ego
313 2277 375 2315 vero
394 2264 471 2326 plana
488 2262 575 2313 omnis
589 2260 678 2312 future
713 2263 1246 2334 ruina,arietes,dusgri,ballistae,cetera·

141 2339 244 2405 judico,
255 2341 276 2389 si
288 2341 397 2405 legatur,
411 2340 585 2391 monumen
618 2339 677 2390 Nec
715 2355 766 2408 que
776 2355 871 2405 genera
880 2342 1064 2390 tormentorum
1073 2339 1247 2404 procurabtttt

141 2416 175 2466 td
196 2423 285 2480 sptem
306 2415 424 2478 negabit,
444 2416 489 2481 qul
506 2429 607 2466 sensum
626 2417 679 2467 loci
715 2414 1042 2482 aliqnandonedeesseut.'·
1073 2414 1245 2466 istudnrauus

146 2493 310 2555 consideran
328 2507 378 2544 nec
398 2507 497 2556 verum,
513 2494 557 2558 qni
571 2494 678 2544 ductum
714 2498 741 2547 in
753 2497 835 2546 libera
844 2495 1181 2560 Republ.uonleetum,eui
1192 2509 1246 2544 orn·

144 2571 300 2621 litterarum.
319 2571 343 2620 'l'
354 2577 382 2619 et
393 2571 419 2619 D
431 2583 502 2634 sepe
520 2577 678 2620 comsnutsa·
714 2576 768 2638 nia,
781 2574 878 2636 Lipsiu.
902 2572 1025 2622 Tribunis
1037 2573 1172 2635 postponit
1182 2570 1246 2620 sne·

146 2655 201 2710 tur,
216 2661 265 2698 nee
276 2649 313 2710 N,
330 2648 421 2697 aliene
432 2650 603 2697 consonantes
614 2661 679 2696 seru·
715 2655 770 2699 ton.
793 2649 902 2713 vespas.
924 2647 1016 2698 ‘Polla
1036 2654 1136 2713 patrem
1154 2643 1247 2696 babuli

147 2736 198 2787 per
207 2723 233 2772 in
244 2723 377 2774 veteribus
393 2721 574 2786 rnsunserlptis
593 2721 679 2786 expri·
714 2723 868 2788 Vespasium
889 2722 1031 2773 Pollionem
1054 2731 1095 2774 ter
1114 2722 1245 2776 tribunum

144 2803 261 2850 luuntur.
272 2811 283 2836 ¹1
297 2799 448 2850 Vladiestsor
463 2811 525 2860 ergo
541 2797 678 2861 seriptum,
714 2800 835 2862 rnilitum,
858 2799 1064 2864 preelectumque
1084 2796 1245 2849 castrorum'

146 2889 195 2939 pro
206 2875 378 2924 oisdmdnss.
388 2873 490 2924 Aoidnl.
516 2873 678 2936 Vindiootnns]
714 2875 816 2925 Montio
823 2873 894 2924 iufra
900 2875 1003 2924 Velleio
1013 2875 1125 2939 plurium
1134 2875 1162 2924 iu
1170 2887 1245 2924 exer-

144 2950 214 3001 oliti
225 2949 329 3000 dublum
340 2964 392 3001 nou
403 2948 443 3014 fit,
462 2949 523 3016 quin
533 2950 678 2998 nindieolm
714 2951 783 3002 citu:
798 2949 853 3001 ‘At
864 2965 879 3001 e
891 2949 1023 3015 presentis
1031 2955 1173 3001 castrorum
1182 2947 1246 2998 ilud·

145 3039 164 3076 a
183 3025 298 3089 mergine
315 3026 452 3089 irrepserit
471 3026 497 3074 in
517 3032 677 3076 contextam.
715 3027 762 3077 bns
778 3041 853 3092 quam
871 3027 970 3076 clarum
989 3027 1134 3090 exemplum
1152 3023 1246 3090 Mig-

146 3101 290 3165 Adscripts
300 3115 332 3150 ea
341 3115 394 3151 vox
405 3101 438 3152 ab
449 3115 481 3150 eo
492 3101 537 3166 qui
547 3102 677 3151 uterno'rias
714 3103 781 3167 gius,
798 3108 852 3154 tarn
872 3111 948 3166 turpe
969 3101 1091 3151 Ceionius
1110 3097 1245 3163 prodidit!

146 3177 202 3227 sues
219 3175 382 3239 consulebat,
399 3176 550 3242 exitumque
561 3177 622 3227 belli
633 3177 678 3226 de·
714 3180 772 3231 Quo
784 3183 855 3229 reete
867 3191 925 3228 cam
945 3175 1095 3226 doctissimo
1105 3175 1162 3226 rlro
1174 3173 1246 3224 colli·

144 3251 270 3314 untabm
297 3253 386 3318 ltaque
414 3253 550 3318 legendum
574 3252 678 3302 liternle
714 3257 846 3320 gestiret,
864 3255 957 3320 eoique
975 3254 1073 3317 legioni
1090 3267 1162 3303 snum
1179 3267 1246 3319 prse·

143 3328 429 3392 ‘enedetraetmssilitis
446 3327 677 3393 etegregleflgnra
714 3330 812 3382 lectum
825 3331 950 3381 tributum
962 3330 1050 3380 fuisso.
1067 3330 1170 3392 &degn

144 3403 220 3466 dicit,
229 3404 509 3466 silitieldsoiismnm
519 3403 678 3468 potiusseri-
749 3408 840 3464 Qsiiss
850 3406 935 3469 edum]
952 3407 1039 3456 Editio
1049 3402 1104 3456 ret‘.
1115 3405 1245 3470 potuum

145 3482 259 3532 bendum
283 3481 387 3546 initiet,
420 3482 535 3532 militibus
560 3497 589 3533 se
613 3482 677 3532 osci.
712 3485 786 3549 prisii
804 3482 1001 3543 ordinese'hsnd
1019 3481 1138 3547 improbo
1160 3495 1246 3532 sensu.
1320 3531 1322 3540 Α

1 3551 2 3568 ’
72 3596 74 3600 .
144 3557 226 3608 flunt.
262 3557 426 3622 Vindiestsss]
443 3558 557 3609 Videtur
572 3559 678 3607 omuino
713 3559 910 3620 Temeusrlisu,
926 3559 968 3622 psi
982 3555 1245 3622 etiumpsinss'srdinis.

146 3628 343 3682 tolersndslns'e
350 3631 438 3697 lectio,
445 3645 529 3697 neque
536 3647 602 3697 opus
610 3647 678 3692 esse,
713 3636 779 3686 linit
797 3636 865 3686 euim
885 3635 1057 3686 centuriones
1076 3633 1175 3698 aliquot
1194 3629 1247 3696 pri-

145 3715 187 3773 ut,
198 3721 247 3774 pro
256 3709 340 3770 millii,
351 3711 527 3760 substituatur
544 3709 677 3759 samus:
714 3724 813 3762 rnornnr
835 3710 955 3761 ordinum
978 3709 1114 3760 decidisse.-
1141 3707 1246 3770 motos.

142 3790 193 3835 sut
203 3784 597 3849 pessinuntensium
613 3784 679 3834 Boe-
716 3787 902 3850 Qslbnetiffl
925 3787 969 3837 loa
986 3787 1013 3836 ln
1030 3786 1081 3836 Ms.
1094 3783 1245 3848 legebatur:

148 3861 245 3910 eleros.
713 3871 806 3916 utnon
817 3864 870 3914 sint
887 3861 1009 3912 audiendi
1024 3861 1138 3924 Lipsius,
1150 3857 1245 3910 Anide-

1 3944 2 3952 ’
106 3987 108 3994 ,
145 3955 150 3982 ⁴
181 3935 510 4000 Qsdnsdmserssrsffl
525 3937 621 4002 Vulgo,
637 3937 678 4002 pst
714 3938 773 4001 llus,
784 3937 888 4003 aliique,
906 3937 950 4001 qul
960 3936 1108 3998 madent,
1123 3935 1164 4000 psi
1174 3935 1246 3984 etiosa

117 4057 127 4072 ,
146 4011 678 4077 nubumsbrperstarlssrslrrspastss.
711 4012 1006 4077 prbsiodisbesaldete.
1038 4012 1104 4061 sane
1115 4010 1192 4076 primi
1204 4019 1245 4061 nr·

146 4087 306 4152 Nonesplo,
322 4099 456 4152 neopum
473 4101 576 4140 eensso.
607 4088 679 4141 Quid
714 4088 888 4153 dinesildem,
904 4087 1245 4154 qaiprlmiordiuisoeutn-

146 4167 177 4226 ri,
193 4169 355 4230 properantes,
372 4160 574 4230 promul
607 4163 678 4217 Quid
713 4165 827 4217 rioues.1
843 4163 889 4215 lta
898 4163 1039 4229 sepiendus
1049 4163 1245 4214 mormacu-

146 4241 171 4292 si
188 4242 278 4305 etiem,
297 4237 393 4294 aui
408 4247 440 4293 nt
459 4239 525 4294 velit
541 4237 678 4296 festinam
714 4242 815 4296 nrieiu
826 4257 866 4296 vr.
877 4241 1245 4310 debsuoddeo,rnigosus
