2908 4856
260 349 326 418 105
587 365 781 418 reuersus
807 363 1019 417 rosrrorros

264 519 337 586 1591
360 513 465 576 lustus
478 509 602 590 lipsius,
615 513 660 573 sir
669 527 783 591 mpure
799 512 975 593 segueitstis,
986 507 1118 583 solertle,
1130 519 1160 572 et
1171 511 1362 585 eruditionis.

298 610 432 694 praeteri
457 609 551 670 eritiei
574 609 734 688 esenplnr.
757 609 787 668 in
801 607 913 670 Nostro
926 605 1110 670 emendando
1132 625 1163 668 se
1187 608 1258 686 ipso
1281 611 1364 689 qussi

298 703 440 788 superior.
481 705 511 766 ls
531 703 787 766 emendationibus
811 703 1007 784 mpluribus
1021 703 1050 763 in
1069 703 1216 784 peioiibns
1239 705 1363 783 seriptis

300 803 387 870 entes
395 801 568 884 propositis,
576 810 608 863 et
615 799 728 864 Velleio
737 799 859 881 pulslioe
872 801 1055 863 auditoribus
1063 799 1209 880 exposito,
1220 800 1254 861 in
1262 801 1362 862 lecese

297 900 392 965 esnisit
403 917 473 962 eum
493 899 524 962 lt.
543 918 571 960 s.
585 899 900 962 enimsdsersionibus·
913 897 975 960 suis
997 898 1183 977 eungstnm,
1202 897 1289 979 typis
1305 899 1364 959 le·

297 997 454 1082 phelmgil.
469 1005 498 1060 t.
512 995 638 1076 sdjeotis
651 1015 671 1058 s
684 994 887 1076 Rephelengio
901 995 987 1056 essiis
1012 993 1200 1067 lectionibus,
1225 1013 1265 1058 es
1290 995 1362 1056 Aldl

296 1107 327 1158 et
339 1091 477 1175 Seiregkii
488 1091 668 1158 editionibus
681 1094 817 1173 notisque
830 1092 987 1174 excerptis,
1001 1099 1031 1153 et
1044 1090 1224 1169 eonjeottrris
1237 1111 1277 1154 es
1289 1092 1362 1174 h‘p

297 1197 330 1260 sll
341 1193 474 1257 mutis
485 1209 537 1253 ore
556 1191 710 1270 exeeptis:
731 1202 799 1270 quse
817 1189 909 1252 editio
923 1189 1031 1268 sepius
1055 1187 1122 1250 dein
1146 1189 1279 1268 repetite
1302 1202 1365 1268 est,

297 1297 408 1357 Omnes
423 1309 493 1353 vero
515 1287 659 1350 editiones
674 1286 818 1367 lipsisnse
836 1305 896 1347 nou
910 1295 1022 1347 testum
1035 1285 1075 1345 sb
1097 1281 1214 1345 editore
1230 1289 1362 1347 recensi·

296 1401 371 1463 tum,
386 1388 436 1450 sed
450 1387 549 1466 potius
558 1383 696 1445 Aldinunr
706 1383 867 1456 exhibent:
888 1392 920 1444 st
932 1383 961 1444 in
972 1380 1360 1463 enimsdserslonilsnspost

295 1487 438 1549 editorem
461 1479 654 1542 Besileensem
676 1479 737 1540 lere
758 1480 895 1559 plurime,
919 1488 951 1541 et
974 1477 1094 1558 quidem
1113 1478 1359 1558 desperatissime

294 1584 369 1654 loes,
383 1579 461 1642 reris
474 1596 533 1658 ope
547 1585 666 1648 clerte,
688 1577 761 1638 urire
775 1575 919 1638 felicitate
933 1575 1055 1638 snserit.
1096 1575 1216 1637 Eminet
1239 1577 1358 1659 lipsius

292 1681 369 1742 inter
393 1675 523 1755 reliquos
537 1673 642 1734 velleii
650 1671 861 1736 'emendatores
885 1674 1006 1735 lseunns
1019 1673 1059 1733 nb
1071 1673 1136 1753 ipso
1156 1673 1291 1753 prn'nrm
1306 1677 1358 1736 oo

293 1783 421 1840 sertum
445 1773 522 1834 bene
535 1771 693 1852 explendo,
714 1779 744 1832 et
759 1771 895 1851 scriptori
913 1771 1020 1851 possins
1035 1789 1159 1830 neumen
1187 1789 1279 1832 snum
1292 1773 1359 1833 red·

292 1871 403 1934 dendo.
444 1865 588 1930 Plurimus
607 1865 827 1930 emendetiones
850 1885 888 1928 es
908 1885 1005 1928 rerum
1029 1865 1160 1939 historie,
1185 1887 1203 1929 ε
1228 1869 1359 1949 vestigiis

291 1979 390 2033 tesnen
416 1966 527 2030 oodieis
541 1965 622 2026 lssud
641 1964 791 2036 recedens,
818 1963 937 2034 hausitg
966 1978 1070 2024 omnes
1094 1963 1274 2025 eruditionis
1295 1982 1356 2027 sen

293 2067 380 2147 eopiu
393 2064 508 2126 firmare
528 2071 650 2124 onustus
663 2071 718 2122 est.
758 2060 840 2124 idem
855 2068 924 2140 post
946 2059 1057 2146 ditium
1077 2077 1271 2122 numerorum
1293 2081 1358 2123 eor·

292 2163 414 2244 ruptelis
427 2159 564 2221 emendis
578 2159 682 2218 iterum
697 2176 816 2236 operans
831 2155 923 2218 dedit.
965 2155 1157 2236 Rsplrelengii
1170 2167 1287 2232 sutem,
1303 2164 1355 2240 qni

292 2259 404 2340 priores
416 2255 488 2316 edd.
502 2253 580 2314 hund
593 2263 730 2314 uoousste
745 2253 882 2332 inspexit,
903 2251 978 2313 fides
992 2262 1023 2313 et
1038 2253 1155 2314 solertis
1168 2273 1279 2334 pernen
1293 2257 1356 2319 lsn-

291 2353 339 2415 dis
354 2359 488 2422 meretur,
501 2351 540 2412 sb
554 2349 679 2430 lpsoque
694 2349 864 2412 l’steronius
879 2367 983 2428 purum
997 2347 1133 2430 proiecit.

254 2455 333 2524 1591
354 2447 391 2510 (l.
404 2445 532 2508 Velleius
543 2445 728 2518 Peteroulus,
743 2463 811 2506 eom
826 2445 895 2507 Aldi
910 2446 1037 2508 Maeotii
1049 2447 1179 2522 selroliis,
1205 2449 1236 2510 J.
1259 2451 1353 2532 lipsii

290 2541 821 2620 utmsdsentoutbus,Jeeschegtti
835 2541 931 2614 notisg
955 2541 1040 2604 Vino.
1051 2543 1352 2621 (sio)Aeideliirnrlis

290 2641 479 2707 lectionibus.
507 2639 654 2720 Lugduni.
671 2639 790 2702 s.-ct.
805 2657 856 2700 en.
874 2635 963 2701 1602.

330 2739 402 2799 Post
424 2737 561 2814 Lipsium·
578 2735 661 2796 rutv.
677 2735 801 2796 Ursinus
824 2734 863 2796 de
883 2733 1040 2796 l’steseulo
1065 2737 1184 2799 neritus
1207 2747 1265 2812 est,
1290 2757 1350 2802 non

288 2831 408 2914 qnidesn
421 2829 549 2904 edendo,
564 2829 618 2891 sed
633 2831 741 2892 notulis
755 2851 824 2894 eum
838 2831 1025 2911 oestigendo,
1041 2850 1114 2913 qnns

248 2934 328 3004 1595
350 2927 529 3007 Ftsgmentis
551 2927 768 2990 llistorioorum
789 2931 876 2991 ltom.
892 2929 1081 3009 Arrtsserpiss,
1107 2939 1137 2993 0.
1157 2931 1187 2990 in
1203 2933 1348 2996 Velleiurn

287 3025 420 3107 sllosque
434 3023 589 3086 historicos
603 3024 751 3104 subjecit:
772 3045 897 3106 querum
913 3027 1065 3088 nonnnllss
1073 3027 1139 3106 jem
1152 3027 1183 3087 ln
1197 3047 1292 3108 opere
1310 3033 1348 3094 de

287 3123 415 3185 Femiliis
423 3124 511 3183 Rom.
525 3129 611 3193 1577.
624 3135 831 3202 proposuerat.
852 3127 887 3185 ln
894 3124 1063 3185 nominibus
1071 3125 1209 3205 propriis,
1217 3145 1346 3206 quorun

287 3221 379 3281 mults
392 3217 558 3298 prodigiose
581 3228 722 3297 corrupte
736 3219 833 3280 editor
854 3219 1042 3294 Besileensis,
1057 3221 1158 3294 Aldus,
1182 3231 1214 3284 et
1226 3224 1346 3305 lipsius

286 3313 474 3394 reliquerunt,
494 3313 682 3375 restituendis
704 3316 856 3395 precipue
868 3315 992 3378 feliciter
1004 3325 1134 3379 euentus
1147 3317 1205 3392 est,
1228 3320 1344 3402 quippe

286 3408 337 3488 qui
350 3415 482 3468 semum
498 3409 650 3471 titulorum
670 3419 700 3471 et
713 3429 898 3473 nummorum
914 3431 968 3474 usu
982 3413 1161 3476 exercitetus
1176 3425 1241 3476 eret
1252 3427 1345 3500 stqne

284 3502 418 3583 adjutus.
448 3502 572 3583 Reliqus
585 3523 676 3584 peren
689 3524 777 3568 mann
790 3515 821 3569 et
834 3509 960 3589 sparsim
974 3519 1087 3572 sentum
1102 3513 1238 3576 tentavit.

248 3599 326 3673 1596
347 3601 384 3664 C.
412 3601 540 3663 Velleius
564 3602 750 3664 l’steroulus.
776 3605 806 3666 J.
830 3605 951 3686 Lipsius
979 3607 1138 3668 recensuit.
1180 3609 1270 3690 Apud
1301 3611 1343 3673 ll.

283 3698 508 3760 Commelinuus.
523 3703 575 3761 24.
590 3698 652 3759 sine
665 3700 751 3760 notis.
765 3699 815 3762 Cf.
827 3718 909 3781 supr.
922 3703 960 3765 sd
974 3721 1023 3764 sn.
1040 3711 1129 3776 1591.

245 3791 324 3858 1000
343 3795 523 3878 Antrerpie.
544 3803 575 3858 1.
594 3813 631 3856 ex
655 3793 773 3859 odioins
795 3798 985 3871 Plautinisns,
1000 3799 1081 3880 spud
1104 3801 1155 3861 lo.
1178 3801 1340 3866 Moretnrn.

281 3889 353 3952 Post
365 3891 511 3965 Tncitum,
526 3909 544 3954 s
557 3893 587 3956 J.
599 3892 699 3974 lipsio
712 3902 893 3973 postremum
908 3895 1093 3958 recensitum.

245 3976 321 4050 1601
342 3987 587 4064 francofurtum
601 3989 681 4052 ollio.
704 3991 851 4053 Psithoni.
867 3999 913 4054 11.
928 4011 1014 4073 quem
1029 4011 1086 4073 pro
1098 3992 1203 4055 itesstn
1215 3995 1339 4073 Lugdu·

282 4083 365 4142 osnsi
393 4087 510 4148 Gellius
530 4105 580 4149 en.
608 4094 695 4159 1591.
716 4088 806 4149 lrsbet
828 4091 1021 4152 Burmsnnus.
1062 4089 1191 4152 'lentum
1216 4092 1338 4155 eslsllset

282 4171 420 4240 Aldinunr
432 4199 500 4244 eun
514 4181 771 4266 depresstionilsus
785 4187 923 4250 omnibus
933 4197 964 4250 et
978 4199 1131 4267 opernm
1145 4187 1233 4249 titiis.
