2948 4862
232 344 256 408 2
687 362 879 412 nrrsrour.

277 491 344 555 Sed
368 492 437 556 ista
462 489 743 558 commendatione
766 509 853 572 opus
877 503 944 554 non
972 493 1025 553 est
1049 489 1328 574 adquaerendam

233 591 405 656 Vnnunro
420 592 654 657 Prrrrecco
670 592 818 674 gratiam.
863 590 1000 654 Dudum
1014 592 1063 656 illi
1079 597 1170 656 tuum
1184 594 1329 676 patroci-

233 697 323 759 nium
337 698 477 776 utroque
492 693 622 756 nomine
638 691 751 769 debes,
767 697 800 754 et
823 691 909 774 quod
929 693 1026 776 jussu
1054 693 1173 775 Regis,
1190 701 1223 758 et
1237 694 1328 778 quod

235 805 294 860 tua
306 814 409 859 cansa
423 795 457 858 in
470 793 579 856 lucem
593 793 742 876 prodeat.
788 793 919 858 Deinde
939 794 974 858 id
991 815 1092 858 unum
1106 795 1213 859 debeo
1228 794 1328 878 proli·

233 898 303 975 teri,
317 896 404 980 quod
419 897 504 978 ipse,
521 896 550 958 si
567 914 624 978 per
639 913 676 957 se
691 895 784 977 loqui
799 900 832 957 et
844 913 881 958 se
896 892 974 959 Tibi
990 897 1109 960 sistere
1123 902 1247 979 posset,
1262 915 1327 962 non

234 999 353 1063 sileret
398 995 539 1077 Magnas
564 999 710 1078 profecto
732 995 811 1059 Tibi
831 1001 928 1080 atque
954 996 1040 1080 Regi
1060 998 1101 1061 de
1122 998 1190 1061 isto
1204 998 1327 1064 bonore

234 1101 354 1182 gratias
370 1104 491 1180 ageret,
508 1117 605 1180 quem
621 1102 730 1160 vestro
744 1095 785 1159 de
799 1097 976 1178 sejudicio
991 1098 1133 1182 adeptus
1149 1104 1211 1161 est.
1248 1098 1327 1164 Hoc

234 1191 367 1288 quippe,
383 1199 498 1284 quanti
514 1217 572 1262 vos
584 1187 675 1268 illum
686 1199 843 1276 feceritis,
866 1200 990 1266 illustre
1012 1200 1234 1266 testimonium
1252 1206 1327 1281 est;

236 1301 336 1387 quod,
352 1300 553 1382 dignationis
573 1306 707 1382 uterque
728 1306 839 1377 tentae
859 1301 914 1364 ille
929 1302 1178 1366 commentarios
1198 1303 1232 1365 in
1251 1321 1327 1365 eum

235 1402 337 1467 scribi
346 1401 493 1484 jusserit,
506 1421 573 1485 quo
587 1403 653 1464 tuis
668 1402 787 1468 studiis
803 1402 1048 1483 commodaret3
1063 1401 1117 1466 'l'u
1133 1403 1166 1466 in
1180 1402 1328 1486 ejusdem

233 1505 370 1570 lectione
386 1505 508 1566 versari
523 1503 647 1584 cogites
669 1503 849 1586 cupiditate
863 1502 1022 1566 discendi.
1067 1501 1201 1580 Quanto
1216 1509 1329 1567 autem

233 1606 376 1689 majores
399 1605 558 1668 ambobus
574 1604 671 1668 vobis
698 1606 823 1685 gratias
846 1605 988 1681 referret,
1005 1605 1035 1667 si
1055 1603 1088 1667 in
1103 1604 1178 1668 aliis
1192 1623 1327 1688 quoque

218 1706 364 1774 ,latine
391 1706 511 1787 linguae
538 1705 728 1769 auctoribus
757 1705 843 1768 idem
872 1705 945 1768 fieri
975 1705 1133 1786 singulari
1162 1705 1327 1769 literarum

232 1806 391 1871 felicitate
420 1805 560 1884 videret,
588 1810 621 1868 et
648 1806 700 1869 uti
728 1825 879 1870 sermone
907 1806 1042 1890 posset!
1079 1812 1149 1870 tum
1179 1809 1237 1890 qui
1260 1807 1325 1870 hoc

233 1927 385 1991 possum,
401 1915 557 1991 praestare
572 1908 692 1983 debeo,
708 1910 853 1972 maxime
868 1927 943 1972 cum
958 1913 991 1971 et
1006 1905 1177 1991 interpres
1191 1908 1327 1987 Velleii,

233 2015 269 2074 et
283 2031 327 2074 ex
342 2010 402 2074 illa
417 2009 582 2072 Societate
597 2011 671 2086 sim,
688 2029 763 2092 quae
779 2010 889 2074 literas
904 2009 985 2074 colit
998 2014 1032 2073 et
1045 2017 1135 2072 amat
1145 2011 1305 2093 inprimis.

278 2109 354 2173 Hoc
369 2112 480 2192 itaque
492 2108 654 2190 praedico,
670 2117 706 2172 et
719 2110 782 2173 hoc
803 2128 887 2191 pace
903 2109 1012 2173 dicam
1027 2118 1212 2174 ceterorum
1227 2130 1328 2194 supe·

233 2211 328 2275 rioris
351 2217 385 2273 et
411 2210 510 2292 hujus
533 2211 642 2274 etatis
669 2209 872 2294 Principum,
900 2213 958 2293 qui
988 2211 1029 2274 de
1053 2212 1157 2275 literis
1181 2229 1327 2294 unquam

210 2331 213 2338 ·
232 2313 318 2376 bene
334 2311 440 2374 meriti
456 2316 547 2374 sunt:
570 2311 691 2376 nullum
717 2311 751 2375 in
774 2333 832 2376 cas
862 2313 999 2376 conferri
1019 2332 1120 2394 posse
1135 2313 1327 2376 beneficium

233 2413 463 2495 praestantius,
480 2431 579 2494 quam
593 2411 629 2475 id
643 2412 734 2494 quod
755 2411 981 2476 munificentia
998 2411 1104 2494 Regis
1119 2419 1327 2495 acceperunt.

233 2515 365 2598 Nempe
377 2539 380 2546 ’
392 2513 469 2578 Rex
493 2513 641 2578 eruditos
661 2516 760 2591 viros,
781 2516 839 2597 qui
861 2514 996 2592 Polites,
1013 2516 1075 2596 q'ui
1085 2515 1252 2594 Oratores,
1268 2520 1327 2601 qui

234 2615 427 2680 Historicos
442 2614 583 2680 Latinos
597 2620 630 2677 et
651 2614 753 2678 Notis
775 2622 810 2676 et
836 2613 1169 2697 Interpretationibus
1184 2617 1328 2684 illustra·

232 2723 314 2791 rent,
331 2717 416 2780 intra
438 2719 470 2776 et
494 2721 592 2777 extra
615 2714 722 2796 Regni
746 2715 827 2778 fines
848 2716 1016 2797 quaesivit,
1031 2717 1163 2798 delegit,
1178 2719 1326 2800 praemiis

233 2816 403 2879 invitavit:
426 2820 583 2897 tauquam
599 2815 870 2879 distractissimus
893 2820 943 2879 tot
966 2818 1103 2882 aliorum
1122 2819 1208 2883 mole
1222 2839 1327 2902 nego·

233 2916 364 2980 tiorum'
378 2914 453 2998 ejus
477 2917 697 2980 animushuic
723 2917 790 2980 uni'
806 2917 853 2981 rei
877 2924 1040 2982 vacasset.
1084 2917 1187 2996 Quod
1201 2920 1328 2985 iactum

233 3036 333 3099 quam
346 3035 482 3092 novum,
496 3018 704 3099 quam'.prius
724 3016 907 3080 inauditum
910 3037 1038 3102 q,uem
1059 3019 1155 3083 unius
1180 3025 1234 3083 est
1257 3019 1327 3086 Lu-

234 3133 357 3182 novtor
376 3119 497 3199 ubique
515 3116 645 3182 Meum
661 3117 847 3200 proprium!
871 3117 926 3182 Ex
948 3138 1026 3201 quo
1037 3120 1119 3200 quid
1141 3119 1233 3184 aliud
1247 3139 1327 3186 con·

233 3237 372 3300 sequens
387 3225 449 3294 est,
465 3237 566 3300 quarn
588 3217 658 3282 lore
680 3217 850 3300 deuiceps,
865 3219 923 3301 qui
938 3219 1089 3286 discendi
1104 3220 1328 3344 difficultatem

233 3338 396 3384 excusare
410 3319 529 3383 merito
546 3321 666 3401 possit,-
681 3321 873 3384 neminem‘l

275 3417 476 3501 Quanquam
489 3419 567 3484 Tibi
583 3421 802 3503 potissimum,
829 3419 1087 3486 Sununlssrnru
1111 3423 1326 3502 Duneuluu,

231 3517 426 3602 bujusiacti
446 3521 551 3601 gratia
566 3521 743 3587 bibuenda
756 3527 819 3599 est,
840 3521 933 3600 (Rex
947 3521 1224 3588 enimMaximus
1237 3523 1328 3590 baud

231 3621 300 3684 alio
329 3621 471 3686 consilio
496 3623 625 3686 curavit
653 3620 841 3686 Auctorem
872 3623 1067 3688 Latinorum
1090 3623 1327 3707 explanatione

219 3719 342 3784 'literas
367 3721 460 3786 reddi
484 3722 664 3799 faciliores,
687 3742 786 3805 quarn
815 3742 855 3786 ne
883 3723 1009 3789 tuus
999 3742 1034 3786 m
1061 3723 1106 3786 iis
1133 3741 1327 3806 progressus

230 3823 447 3886 retardaretur
447 3823 530 3899 ,)ite
539 3830 663 3924 tamen,
676 3841 752 3890 curu
760 3828 843 3887 tuus
858 3827 893 3889 et
907 3825 1022 3905 patriae
1038 3823 1082 3887 sit
1094 3831 1201 3906 pater,
1212 3825 1328 3892 habuit

231 3927 359 3986 tuorum
374 3899 573 3986 studiorum
573 3927 747 4001 rationem,
766 3931 805 3991 ut
827 3924 975 4006 aliquam
999 3926 1207 4007 publicorum
1221 3926 1327 3990 duxe-

230 4022 282 4088 ιιι.
327 4022 413 4086 (lum
428 4023 566 4090 Gallia
552 4045 624 4108 jam
639 4026 764 4090 floreret
778 4027 932 4090 omnibus
951 4028 1089 4102 artibus,
1104 4045 1179 4090 eam
1193 4045 1327 4109 quoque

231 4121 301 4200 lieri
313 4122 417 4190 uoluit
431 4127 582 4194 omniurn·
590 4126 733 4210 gentium
747 4124 983 4198 doctissimam.
1028 4127 1070 4194 ln
1092 4126 1234 4200 Tenere
1249 4141 1338 4194 cum.
