2948 4862
216 413 262 482 eo
545 429 577 478 c.
602 425 757 478 vnnumr
779 425 994 479 rlrnnonnr

219 571 278 656 [U.
293 589 323 640 c.
335 572 411 640 607.
425 589 456 638 a.
470 569 545 637 illu.
559 592 592 638 n.
605 569 696 652 led]
720 569 760 636 Ρ.
780 569 895 657 Scipio
920 569 1133 650 AErnilimrus,
1148 571 1200 637 vir
1215 570 1315 639 avitis

218 675 261 742 P.
284 675 446 753 Africani,
469 676 682 760 paternisque
712 673 751 738 L.
777 673 889 739 Paulli
914 671 1093 740 northus
1118 673 1317 753 simillimus,

219 779 372 844 omnibus
397 777 479 842 belli
502 796 543 841 ac
568 781 656 859 togae
671 775 834 854 dotibus,²
856 775 1045 859 ingeniique
1067 795 1108 840 oc
1130 776 1318 842 studiorum

217 881 501 946 eminentissimus
516 879 635 944 surculi
651 879 714 956 sui,
731 878 788 961 qui
801 876 886 942 nibil
900 878 936 940 iu
948 877 1019 942 vita
1032 877 1099 942 nisi
1113 875 1318 942 laudandum

109 1039 115 1053 ,
220 980 384 1057 sutfecit,
399 985 455 1044 aut
469 980 566 1058 dixit,
582 998 623 1044 ac
633 979 766 1056 sensim
782 997 891 1062 quem,
905 977 1027 1051 Paullo
1041 978 1197 1061 genitum,
1212 978 1319 1063 adop-

218 1086 325 1148 tatum
341 1102 361 1146 a
375 1082 534 1166 Scipione
549 1080 696 1146 Africani
710 1081 793 1159 filio,
805 1079 966 1159 diximus,
980 1081 1188 1148 aedilitatem·
1198 1077 1319 1166 petens

218 1183 337 1249 consol
351 1191 481 1249 creatus
495 1191 556 1248 est.
587 1181 671 1268 (ls⁴)
684 1183 806 1249 bollum
828 1183 1033 1266 Carthagini,
1046 1185 1120 1268 jam
1134 1189 1211 1248 autc
1225 1183 1319 1248 bien·
1422 1169 1429 1182 '

218 1285 310 1350 nium
335 1305 356 1351 a
385 1286 550 1370 prioribus
578 1285 788 1351 consulibus*
811 1285 951 1366 illatum,
976 1285 1162 1370 majorevi
1187 1284 1319 1350 intulit:

218 1405 296 1452 cum
311 1395 390 1453 anto
404 1389 437 1452 in
453 1387 625 1472 Hispania
638 1389 768 1452 muralic
783 1406 920 1467 corona,
936 1389 970 1452 in
984 1385 1104 1452 Africa
1118 1385 1320 1452 obsidionali

219 1487 363 1556 donatus
387 1494 496 1569 csset3
518 1491 554 1554 in
576 1489 748 1573 Hispania
770 1509 849 1556 vcro
874 1490 974 1554 etiam
996 1507 1041 1553 ex
1066 1489 1319 1571 provocatione,¹

218 1587 292 1676 ipsc
305 1591 455 1656 modicus
468 1591 600 1669 vidum,
624 1591 778 1657 immanis
802 1589 1038 1674 magnitudinis
1058 1591 1187 1656 bostem
1202 1591 1320 1656 iutere-

219 1692 355 1766 misset.·'
382 1691 531 1777 Eamque
542 1693 668 1772 urbem,
682 1693 791 1778 magis
806 1692 933 1758 invidia
947 1691 1087 1775 imperii,
1102 1711 1203 1776 quam
1217 1692 1329 1757 ullius*

220 1794 295 1879 ejus
316 1796 474 1878 temporis
501 1790 633 1860 noxiaed
657 1795 799 1860 invisum
827 1793 982 1859 Romano
1009 1795 1145 1872 nomini,
1174 1794 1321 1860 funditus

220 1896 365 1974 sustulit,
387 1895 532 1979 iecitque
557 1915 630 1960 suae
656 1897 789 1961 virtutis
816 1904 1075 1974 mouumentum,
1101 1896 1190 1981 quod
1215 1885 1322 1962 insunt

220 1997 277 2062 avi
292 1997 380 2083 ejus5
407 1997 601 2064 clementina.
646 1997 812 2082 Carthago
840 1999 948 2094 dirpta
970 2005 1048 2077 est,⁸
1069 2017 1146 2062 cum
1173 2000 1323 2065 stetisset

220 2116 326 2164 annos
337 2099 557 2178 ncuxxrrr.,⁶
568 2101 688 2166 abhinc
698 2119 801 2166 annos
812 2109 981 2178 ccxxv.,⁷
997 2101 1057 2166 Cu.
1070 2100 1225 2166 Cornelio
1235 2101 1321 2166 Ien-

220 2201 301 2279 tulo,
327 2201 365 2266 L.
381 2201 545 2268 Mummio
572 2204 777 2268 consulibus.
810 2203 868 2286 [U.
893 2223 923 2268 c.
945 2202 1022 2268 608.
1046 2222 1076 2266 a.
1096 2201 1173 2267 Gbr.
1187 2201 1321 2284 ulid]

221 2299 325 2367 Hunc
341 2301 439 2368 finem
452 2301 569 2368 habuit
582 2303 726 2368 Romani
747 2303 879 2388 imperii
896 2303 1062 2387 Carthago
1082 2306 1221 2386 aemulo3
1244 2323 1322 2369 oum

222 2421 290 2488 qua
303 2401 427 2470 bellare
441 2404 587 2490 majores
612 2405 717 2471 nostri
743 2425 889 2490 coepere,
905 2404 1048 2470 Claudio
1061 2410 1095 2470 et
1109 2405 1230 2471 Fulvio
1243 2425 1323 2473 con-

251 2599 260 2630 *
277 2599 400 2676 Praeterea
409 2600 436 2650 irs
451 2601 569 2666 Hispanis
582 2603 746 2668 interfecisset,
756 2605 783 2654 irs
798 2605 917 2669 sienim
930 2604 1120 2670 mimium
1130 2605 1261 2656 immodica
1274 2609 1323 2654 sis·

219 2667 290 2729 trra,
298 2680 348 2728 spse
358 2666 510 2716 mediocrium
520 2667 616 2718 siriam

680 2791 857 2814 ”mm

220 2873 280 2922 len.
296 2871 402 2922 omnibuis
413 2873 469 2922 belli
479 2878 585 2938 togaque
597 2873 689 2923 ortibus
698 2875 834 2938 ingeniique
846 2892 874 2927 ss
884 2878 1016 2929 stadiorum
1025 2878 1117 2930 dctilm
1127 2879 1325 2931 aeranem

220 2952 240 2986 s.
250 2952 271 2986 s.
284 2935 435 3000 Hottinger.
447 2939 516 2987 Mus.
527 2937 617 2988 Turis.
630 2939 689 2988 Vol.
700 2952 719 2988 1.
735 2940 763 2988 Τ.
774 2944 799 2988 2.
817 2954 843 3003 p.
854 2945 910 2992 849.
928 2950 987 3006 post
1004 2943 1096 2993 dotibus
1107 2944 1233 2994 excidisse
1245 2950 1323 3008 putst

220 3006 326 3062 mus,
344 3002 386 3049 vel
397 3002 479 3051 simile
492 3002 611 3066 quide-8
630 3002 712 3052 Aldus
732 3005 801 3068 Nep.
819 3011 862 3054 ost
880 3008 952 3056 ussit
982 3007 1109 3071 prebente
1126 3007 1323 3058 Bubulcum.-

219 3067 242 3140 4.
254 3064 280 3114 ls
290 3065 365 3115 des'st
375 3067 402 3115 iu
415 3065 464 3115 lld.
476 3081 515 3129 pr.
526 3073 555 3116 et
565 3066 615 3116 Ed.
631 3067 716 3130 Lugd.
725 3067 785 3118 Bet.
803 3069 896 3119 Heius.
906 3079 933 3120 et
945 3043 1018 3122 dces.
1031 3072 1125 3122 deletis
1136 3077 1180 3122 est.
1214 3071 1249 3136 le,
1260 3085 1322 3122 cos·

222 3135 326 3180 tmusut
343 3129 537 3193 periodum-c
557 3131 618 3191 ujus
635 3131 714 3195 ejecit
732 3132 807 3182 dunt.
823 3134 895 3182 asitoe
912 3135 980 3200 conj.
1001 3135 1140 3187 licina-b
1156 3135 1323 3188 DCLXVH.

221 3191 271 3244 Ed.
282 3200 369 3259 pr.-l
388 3194 574 3245 GCLXXVII.
593 3195 643 3245 Ed.
656 3210 696 3259 pr.
715 3203 742 3245 et
760 3196 809 3246 Ed.
820 3197 903 3262 Lugd.
919 3199 981 3250 Bet.
999 3201 1162 3253 ccxxvii.
1183 3201 1325 3252 blavals·

713 3341 820 3393 Now

253 3460 265 3487 ⁸
281 3451 442 3516 AEdilitstere]
458 3453 579 3519 Dignitns
591 3461 648 3506 eret
659 3455 752 3504 liores·
792 3471 838 3506 uss
856 3457 1010 3511 liberasset:
1026 3461 1084 3510 htec
1099 3467 1156 3510 eret
1175 3459 1326 3525 gremium

220 3543 262 3593 ns,
276 3528 372 3594 primus
391 3528 424 3578 sd
441 3529 506 3579 sliss
525 3531 627 3595 grsdus.
659 3531 752 3582 AEdilis
792 3533 852 3584 luds
865 3535 991 3600 decerpto
1009 3537 1132 3600 grsmine,
1148 3536 1193 3586 ubi
1213 3535 1325 3587 obsessis

221 3606 263 3656 lire
279 3611 368 3670 psrtes
377 3611 461 3667 erunt,
472 3605 562 3656 urbem
575 3607 649 3671 tueri,
660 3621 753 3658 oursrs
794 3611 958 3662 tenebantur.
992 3613 1057 3663 Erst
1068 3613 1180 3663 omnium
1190 3613 1269 3676 longe
1279 3625 1326 3662 uo·

221 3694 358 3746 annonam,
369 3681 493 3730 exhibere
509 3681 593 3744 ludos,
610 3683 714 3747 publicu
725 3691 753 3733 et
793 3685 926 3739 bllissiuus.

220 3759 324 3825 private
342 3759 451 3810 edificio
471 3775 618 3825 procurare.
651 3762 753 3813 eurulis
824 3761 1047 3828 ⁶Ullr'us.„ssrioe]
1059 3765 1159 3828 lipsius
1167 3762 1329 3828 elliamscxis,

219 3833 395 3899 dicebatur„
409 3836 473 3886 selle
484 3837 642 3903 carolique
653 3838 700 3888 soli
710 3838 753 3888 lu·
793 3837 848 3890 ie.
868 3841 926 3890 ullis
945 3841 1027 3906 noxis,
1045 3855 1103 3906 quea
1121 3839 1199 3904 objici
1218 3839 1328 3892 illitum
1427 3847 1429 3850 '

219 3909 287 3960 dilen
298 3913 447 3963 utebantur.
793 3923 907 3978 possent,
929 3930 988 3966 cum
1008 3917 1133 3966 adversus
1152 3931 1209 3966 esur
1228 3917 1328 3968 bellum

254 3985 305 4037 Η
316 3989 435 4052 prioritas
445 3989 588 4053 emittes]
607 3987 715 4041 Manilio
725 3996 753 4042 et
792 3989 927 4041 decretum
937 3999 986 4042 ert.

222 4059 373 4113 Censorino.
824 4067 975 4130 rcmtego
1001 4069 1082 4118 ms
1102 4069 1149 4133 est]
1190 4068 1329 4134 lucendio,

255 4137 386 4204 ‘notul
408 4143 486 4194 Quod
503 4157 604 4193 murum
620 4141 691 4193 urbis
707 4142 753 4194 ob·
792 4142 870 4208 quod,
888 4143 1058 4206 tessellum,
1076 4158 1124 4208 per
1138 4143 1329 4209 septemdecim

222 4224 300 4262 sessus
318 4213 389 4276 prior
407 4219 609 4269 conscendisset.
643 4217 753 4268 Obsidio·
793 4217 849 4271 dles
860 4219 1236 4289 extingultsrneorixpotuit.

222 4286 282 4356 usli,
298 4288 368 4355 quod
386 4289 504 4344 obsesses
520 4295 640 4345 cobortes
658 4293 752 4346 Rome·
