2908 4856
413 367 445 414 o.
467 361 622 414 vesunu
647 361 879 419 strenuum.
1148 345 1215 414 496

148 517 304 582 Velleianis
326 517 498 598 premissis,
522 524 636 582 testum
658 514 809 580 Petetculi
829 529 899 578 curn
912 511 990 576 uotis
1002 509 1121 592 integris
1135 512 1215 576 Rhe·

151 615 218 678 nsni
231 624 262 678 et
276 615 399 686 Bnrerii,
411 615 522 694 quibus
531 613 660 676 sccmsit
669 610 836 675 Ruhnlrenii
847 610 938 691 ipsius
946 611 1111 682 annuntio.
1131 611 1217 672 Alter

152 733 220 773 vero
234 713 352 776 exhibet
366 734 483 776 omnem
497 712 634 774 editionis
648 709 870 778 Burmannisnae
883 719 1067 789 apparatum.
1108 709 1218 770 Prtefm

152 813 238 876 tionis
249 813 339 874 docta
353 824 384 876 et
397 813 493 892 perita
505 821 551 874 est
562 809 723 890 disputatio
737 809 775 870 de
786 808 931 870 editorum
953 803 1081 888 priorum
1097 809 1217 884 meritis,

152 909 190 969 de
202 910 292 988 ipsius
300 911 452 992 §emptoris
462 908 641 970 adulationis
651 906 779 988 iniquius
788 906 922 978 innuenti,
933 907 1072 978 moribus,
1087 903 1216 987 ingenio,

152 1006 271 1067 dicendi
285 1007 407 1079 ratione,
421 1017 452 1068 et
466 1005 639 1068 Sallustium
652 1003 788 1064 imitandi
802 1003 913 1064 studio.
955 1005 1135 1066 Contentum
1150 1023 1219 1066 sero

152 1103 257 1164 Velleii
270 1103 443 1182 religiosius,
466 1121 556 1183 quem
580 1101 681 1172 ceteri,
693 1099 733 1161 sd
747 1099 835 1160 fidem
847 1100 962 1162 codicis
976 1110 1065 1181 atque
1079 1101 1217 1162 editionis

152 1200 266 1279 primae,
280 1200 491 1280 orthographia
512 1199 590 1260 odeo
615 1199 724 1277 ubique
748 1207 875 1269 serrata,
890 1196 983 1270 dedit,
997 1197 1054 1258 nisi
1068 1197 1149 1276 quod
1163 1218 1219 1278 pro

152 1297 278 1358 lectione
294 1309 455 1360 monstrose
466 1305 605 1377 cormptu
618 1315 678 1357 uon
691 1296 787 1357 solum
802 1293 961 1356 manifestis
974 1295 1143 1356 criticorum
1156 1315 1221 1357 cor-

151 1394 344 1466 sectionibus,
359 1395 413 1456 sed
427 1394 515 1456 ctiam
529 1395 602 1466 suis,
615 1395 714 1454 locum
727 1392 823 1466 dedit,
837 1401 939 1453 notata
952 1403 1051 1454 temen
1066 1391 1221 1472 diligenter

153 1489 280 1550 lectione
304 1500 429 1554 vetusta.
472 1492 549 1553 Nam
573 1492 626 1552 ubi
649 1492 687 1552 de
710 1491 916 1554 emendacione
938 1488 1069 1570 quadem
1088 1499 1140 1550 ant
1160 1509 1222 1550 nou

154 1584 267 1665 liquido
281 1589 448 1661 constabat,
463 1597 516 1650 uut
540 1589 592 1649 uhi
615 1587 653 1649 de
678 1587 862 1649 comestione
874 1587 1050 1649 invenienda
1063 1587 1221 1666 desperen-

156 1681 227 1744 dunr
242 1693 314 1756 erat,
329 1685 376 1745 vel
390 1686 527 1748 codicem
549 1686 597 1746 vel
617 1684 776 1747 editionem
801 1705 847 1766 pr.
866 1685 992 1745 fideliter
1006 1683 1169 1766 expressitr
1190 1691 1222 1746 st

155 1777 185 1838 in
197 1779 274 1840 notis
289 1779 435 1844 vanorum
450 1781 612 1844 tentamina
625 1801 694 1842 cum
708 1781 781 1856 suis,
795 1781 820 1842 si
833 1781 905 1860 quid
918 1781 1065 1861 ingenium
1079 1781 1137 1861 ipsi
1151 1800 1222 1860 sup-

155 1875 317 1953 peditabat,
342 1879 500 1958 proposuit
523 1888 555 1942 et
577 1879 767 1941 examinarit.
806 1878 859 1939 Uti
882 1897 952 1940 uero
972 1879 1002 1938 in
1027 1878 1073 1938 his
1086 1879 1222 1940 criticum

156 1973 358 2036 uerecundum
371 1995 408 2036 uc
423 1975 602 2049 modestum,
616 1976 657 2037 ita
678 1975 709 2036 iu
729 1973 888 2036 odmundis
901 1974 978 2035 vitiis
993 1975 1221 2053 sagacissimum,

157 2069 188 2128 in
203 2071 342 2132 cauendis
357 2073 560 2136 acutissimum
574 2073 646 2153 egit,
669 2082 704 2134 ut
724 2072 906 2152 principibus
920 2070 1143 2132 emendatorum
1157 2071 1225 2131 Vel·

157 2165 205 2226 leii
218 2168 454 2232 annumerandus
478 2171 526 2231 sit.
568 2171 657 2242 Quod
679 2171 814 2233 Rhenani
827 2179 858 2230 et
872 2169 985 2230 Buterii
998 2177 1082 2229 coms
1096 2169 1223 2248 integrus

157 2262 283 2337 dederit,
299 2264 328 2325 id
340 2267 506 2344 gratissimo
524 2267 624 2328 animo
637 2266 855 2346 accipiendum,
871 2287 940 2328 curn
955 2285 973 2326 a
986 2265 1224 2345 precedentibus

157 2358 333 2439 plerumque
356 2363 477 2442 antiqua
499 2364 589 2424 lectio
602 2371 632 2424 et
645 2363 780 2424 Rhenani
795 2363 968 2443 Bmeriique
980 2363 1159 2442 conjecturis
1173 2362 1226 2424 nd·

158 2456 283 2524 modum
297 2459 477 2539 negligenter
489 2469 520 2522 et
531 2459 656 2522 contuse
668 2460 783 2521 traditu
797 2460 914 2522 suerint.
944 2461 979 2519 in
993 2461 1225 2542 lucemquoque

158 2555 303 2635 protraxit
326 2556 450 2619 aliorum
475 2558 665 2630 criticorum,
687 2558 739 2637 qui
762 2558 858 2618 obiter
871 2557 968 2618 velud
982 2557 1053 2617 elios
1066 2558 1224 2636 scriptores

127 2679 131 2686 ·
159 2652 206 2712 vel
220 2652 250 2712 iu
263 2653 405 2731 epistolis,
417 2655 464 2715 rel
475 2653 504 2718 in
517 2653 646 2732 margine
659 2653 788 2733 exempli
802 2655 848 2714 sui
861 2653 970 2734 aliquid
985 2663 1144 2727 tentarunt,
1155 2673 1227 2714 con·

154 2747 299 2827 jectum,
312 2769 342 2810 v.
357 2770 386 2809 c.
401 2750 556 2822 Perizonii,
572 2749 694 2822 Davisii,
708 2749 828 2823 Bohcri,
843 2750 1059 2831 Oudendorpii.
1086 2751 1226 2813 Ceterum

160 2847 197 2906 nd
208 2846 393 2926 elegantiam,
408 2865 543 2918 acumen,
558 2855 591 2908 et
604 2855 733 2908 nentem
748 2846 853 2907 Velleii
867 2847 1094 2927 intelligendum,
1108 2867 1225 2909 necnon

160 2941 198 3001 ed
224 2961 272 3004 res
292 2942 475 3006 illustrandas
498 2963 535 3004 ex
558 2941 774 3022 elegantissime
787 2942 962 3005 eruditionis
972 2953 1002 3004 et
1015 2944 1123 3023 ingenii
1137 2944 1227 3023 copis

161 3041 377 3121 quamplurima
393 3040 642 3112 subministravit:
665 3041 799 3119 inprimis
820 3061 892 3103 sero
910 3052 941 3102 et
965 3041 1147 3112 Sallustium,
1162 3049 1228 3102 tsn-

161 3157 251 3216 quam
269 3140 419 3217 exemplar
442 3139 555 3212 Velleii,
581 3146 612 3198 et
638 3138 802 3210 Lucanum,
826 3137 1050 3217 sulpiciumque
1074 3139 1256 3212 Severum·

161 3234 230 3313 qius
244 3234 432 3307 imitatorem,
449 3234 478 3295 in
492 3234 635 3297 auxilium
648 3234 816 3296 sdvoesrit.

203 3331 370 3394 Ruhuheuii
385 3351 505 3411 opernm
517 3331 547 3391 iu
561 3330 674 3392 Velleio
686 3330 862 3392 collocatam
877 3328 1099 3410 diligentissime
1111 3347 1229 3391 enarre·

162 3437 267 3489 verunt
281 3429 334 3490 viri
347 3427 429 3489 docti
443 3427 519 3489 inter
533 3426 636 3506 Belgns
649 3426 678 3486 in
693 3425 834 3488 biblioth.
850 3425 916 3488 crit.
936 3427 1103 3489 Amstelod.
1118 3428 1185 3488 vot.
1202 3441 1228 3487 t.

163 3524 198 3585 P.
214 3540 261 3584 tv,
278 3543 347 3603 pag.
362 3533 413 3587 45.
428 3543 497 3604 sqq.
512 3523 589 3584 inter
603 3525 770 3584 Gemmas
784 3531 815 3584 et
834 3523 866 3584 iu
880 3523 1064 3603 Ephetnsrid.
1078 3524 1122 3585 lit.
1138 3525 1231 3584 Goet·

163 3622 236 3701 ting.
255 3631 344 3694 1779.
361 3621 465 3682 Addit.
479 3641 547 3701 pag.
565 3630 633 3692 119.
646 3641 713 3701 sqq.
727 3631 758 3682 et
772 3621 803 3682 in
817 3621 959 3683 biblioth.
973 3621 1109 3683 Univers.
1125 3622 1228 3682 Germ.

167 3719 265 3780 Berol.
285 3717 377 3779 Tom.
402 3731 531 3780 unviti.
552 3719 587 3778 P.
609 3734 650 3779 11.
668 3728 699 3779 et
723 3719 755 3779 in
775 3719 852 3780 Bibl.
868 3719 1009 3799 philolog.
1025 3719 1106 3798 Lips.
1120 3717 1188 3778 Vol.
1204 3733 1229 3778 1.

166 3835 234 3898 pag.
249 3821 300 3876 tn.
313 3835 381 3894 sqq.
424 3815 505 3876 luter
529 3815 582 3876 bot
601 3815 762 3893 populares
776 3815 869 3875 noemi
883 3834 943 3877 non
957 3815 1051 3875 solum
1066 3811 1232 3874 Ruhnkenii

165 3931 285 3992 operam
305 3920 466 3990 exegerunt
484 3911 519 3974 'et
542 3911 751 3991 diiudicarent,
766 3913 820 3974 sed
834 3912 921 3973 etism
936 3931 1028 3972 noras
1042 3911 1230 3991 conjecturat

164 4029 234 4072 suns
248 4017 474 4088 proposuerunt.

129 4117 207 4179 1780
228 4105 357 4169 Velleius
372 4105 557 4179 Paterculns,
569 4106 725 4168 uodssime
734 4107 907 4168 ernendstus
916 4113 948 4168 et
955 4105 1117 4168 illustratus
1127 4105 1232 4167 studiis

167 4203 323 4269 Societatis
335 4203 513 4284 bipontinus.
545 4201 647 4266 Editio
658 4213 806 4266 accurata.
829 4203 958 4283 utponei,
973 4203 1053 4285 spud
1068 4204 1232 4278 annitu-
