2948 4862
219 339 243 406 s
621 345 915 402 rnorncoamrs.

219 501 316 578 aas,
341 495 508 566 ‘tarnim
522 499 608 560 sorte
628 494 834 579 provincim,’
854 497 971 562 ἰίαιιι
989 495 1120 582 legatus
1134 495 1267 564 Tiberii
1283 499 1321 567 in

220 601 429 669 Pannoniam
451 599 583 674 missus,
605 597 873 680 expeditionibus
894 599 969 683 ejus
992 599 1143 666 omnibus
1162 601 1320 682 interfuit,

219 724 289 788 non
303 703 411 768 solum
426 698 638 784 ‘spectatos’
653 699 823 764 sedetiam
839 700 1016 784 ‘adjutos’
1038 700 1118 766 Vid.
1134 719 1175 767 rr.
1190 704 1267 770 111.

264 805 362 871 Bello
378 802 584 878 Pannonico,
600 819 631 864 a.
651 799 693 862 U.
710 799 749 864 G.
765 801 841 866 76].
861 807 894 866 et
909 801 1110 881 Dalmatico,
1127 804 1322 888 insequente

221 925 320 984 anno,
335 906 395 970 vix
410 902 577 980 coniecto,
603 901 696 966 soedo
717 901 830 968 clades
849 899 908 968 illa
929 902 1079 969 Variana
1092 905 1128 969 in
1142 905 1323 972 Germm

220 1015 362 1092 accepta
387 1013 439 1070 est
458 1005 544 1090 (rid.
566 1021 608 1068 ιι.
631 1001 743 1087 117.);
774 1005 817 1068 ad
840 1025 942 1089 quarn
962 1007 1198 1072 vindicandam
1221 1007 1322 1074 Tibe·

219 1111 331 1189 rius,e
348 1108 517 1174 Dalmatia
531 1113 706 1186 avocatus,
721 1127 797 1172 cum
811 1128 844 1173 a.
861 1107 906 1173 U.
922 1108 961 1173 G.
971 1109 1047 1174 763.
1061 1109 1097 1172 in
1111 1109 1322 1176 Germaniam

220 1231 267 1280 ex
294 1210 385 1276 Urbe
415 1208 680 1293 proficisceretur
711 1209 797 1294 (rid.
825 1227 864 1274 ιι.
895 1208 1001 1293 lan),
1030 1211 1197 1290 Velleius,
1220 1212 1323 1294 legati

221 1313 332 1380 officio
346 1312 491 1389 iunctus,
505 1310 624 1376 eadem
640 1315 751 1376 eastra
764 1313 881 1378 iterum
895 1319 1031 1378 secutus
1043 1321 1106 1378 est.
1140 1313 1232 1379 Nam
1246 1313 1320 1399 ejus

220 1415 363 1482 narratio
388 1413 431 1478 de
457 1411 608 1477 Variana
630 1412 726 1476 clade
747 1421 781 1478 ct
807 1415 1011 1498 singulorum
1035 1416 1155 1481 ducum
1178 1416 1322 1494 fortuna,
1463 1445 1466 1448 ·

222 1517 329 1600 deque
350 1515 557 1598 imperatoris
576 1514 629 1578 sni
654 1516 755 1579 rebus
777 1519 880 1599 gestis
902 1519 950 1582 ita
971 1517 1015 1583 ad
1040 1518 1188 1600 singulas
1208 1523 1321 1601 partes

222 1616 408 1695 descendit,
422 1624 460 1681 ut
474 1636 541 1681 nou
561 1617 627 1680 nisi
644 1616 679 1679 in
701 1617 882 1683 Germania
903 1639 946 1684 ea
967 1624 1158 1702 compertus
1182 1637 1257 1684 esse
1272 1619 1322 1682 ri·

222 1717 348 1784 deatnr.
391 1719 520 1784 Deinde
543 1718 608 1782 hac
633 1719 753 1784 militia
774 1723 943 1805 prioribus
965 1721 1142 1805 stipendiis
1163 1736 1321 1792 annume-

222 1825 308 1898 rata,
321 1821 522 1886 novennium
536 1819 632 1896 illud,
652 1839 721 1902 qno
741 1821 869 1887 Tiberii
889 1843 995 1887 rernm
1015 1823 1145 1907 adjutor
1158 1822 1224 1886 fnit
1239 1819 1322 1886 Vel·

222 1921 320 1998 laius,
335 1920 526 2003 completur.
570 1919 712 1984 Biennio
734 1929 825 2004 post,
850 1922 1028 1988 Germania
1048 1929 1083 1988 et
1096 1923 1217 1990 Galliis
1231 1943 1321 1989 com·

222 2022 355 2114 positis,
381 2041 413 2084 a.
437 2022 483 2085 U.
492 2019 531 2084 C.
552 2021 628 2086 766.
670 2021 825 2087 Tiberius
851 2023 959 2090 redux
979 2025 1013 2088 in
1034 2023 1203 2108 triumpho
1224 2024 1321 2091 donis

223 2122 397 2188 bonoravit
409 2120 587 2186 Velleium.
630 2120 711 2186 Vid.
728 2139 768 2185 ιι.
781 2123 859 2189 121.

266 2221 323 2288 Ab
337 2223 402 2287 boc
418 2222 493 2286 inde
506 2242 593 2287 anno
612 2223 835 2304 magistratus,
856 2245 918 2309 per
938 2244 1024 2309 qnos
1043 2226 1179 2309 patebat
1201 2226 1258 2290 ria
1279 2225 1322 2291 ad

224 2331 414 2410 praeturam,
431 2324 564 2388 'obiisse
585 2323 708 2388 Noster
728 2324 872 2403 ridetur,
884 2325 950 2389 nisi
962 2326 1137 2403 veniam
1151 2332 1322 2408 quaestura

223 2426 389 2491 ambiendi
408 2434 596 2510 praeturam,
616 2415 849 2511 impetraverit.
894 2427 998 2506 Quod
1017 2427 1234 2511 improbabile
1255 2445 1323 2494 non

222 2533 284 2606 est,
300 2547 376 2592 cum
397 2525 553 2592 diuturna
572 2526 691 2591 militia
711 2546 732 2591 a
754 2529 969 2611 capessendis
989 2529 1247 2610 magistratibus,
1262 2549 1323 2613 per

223 2649 307 2712 quos
322 2629 367 2692 ad
380 2633 557 2712 praeturam
573 2627 824 2705 ascendebatur,
839 2628 915 2692 sive
930 2630 1102 2693 bibnnatn
1112 2630 1232 2712 plebis,
1248 2631 1322 2697 sive

225 2728 400 2806 aedilitate,
432 2728 527 2813 (nam
554 2729 604 2792 sio
633 2730 853 2794 constituerat
885 2729 1074 2812 Augustus.
1107 2729 1187 2795 Vid.
1220 2731 1321 2799 Dion.

225 2825 407 2894 Casama
431 2827 502 2911 20.)
533 2827 732 2910 prohibitus,
760 2831 804 2894 ab
833 2829 987 2912 Angusto
1014 2835 1048 2896 ot
1076 2829 1212 2895 Tiberio
1241 2833 1323 2898 inter

223 2933 379 3018 praeturae
404 2929 599 2995 candidatos
622 2948 653 2996 a.
675 2929 720 2995 U.
737 2930 777 2994 G.
791 2933 872 3000 7b7.
888 2951 958 2995 nno
979 2936 1106 2996 tantum
1128 2950 1217 2997 anno
1237 2933 1322 2998 inter

223 3031 377 3096 militiam
399 3035 433 3097 st
452 3036 607 3115 prauum
635 3031 827 3117 petitionem
858 3033 1047 3116 interjecto,
1071 3035 1322 3100 commendatus

222 3131 333 3198 fuerit.
376 3132 456 3198 Vid.
473 3150 512 3197 ιι.
524 3131 599 3196 124.
616 3139 703 3198 extr.
748 3133 879 3200 Deinde
891 3135 985 3202 nulla
998 3153 1108 3218 neque
1122 3133 1320 3214 tribunatus,

222 3233 335 3318 neque
345 3234 531 3314 aedilitatis,
541 3254 618 3302 cnm
632 3240 760 3314 eeteros
773 3237 917 3302 bonores
931 3237 1043 3302 nullos
1058 3236 1261 3320 praeterierit,
1278 3235 1321 3299 ab

223 3337 299 3420 ipso
309 3336 347 3401 fit
357 3337 495 3402 mentio..

267 3437 393 3502 Fodem
410 3443 521 3502 antem
535 3456 635 3516 anno,
655 3459 721 3522 quo
742 3440 828 3506 obiit
840 3437 1014 3524 Augustus
1027 3446 1064 3504 et
1076 3438 1231 3504 Tiberius
1246 3455 1322 3502 sno·

176 3549 180 3555 ’
225 3541 339 3616 cessit,
360 3539 486 3604 Noster
508 3541 552 3605 ab
573 3545 715 3624 utroque
736 3541 893 3628 Principe
914 3543 1045 3628 populo
1058 3539 1321 3618 cannuendatus,

223 3645 347 3725 praetor
371 3641 562 3724 designatus
584 3649 647 3706 est.
687 3642 769 3709 vid.
794 3661 835 3710 ιι.
857 3645 935 3714 124.
959 3651 1042 3711 extr.
1087 3642 1209 3726 Itaque
1234 3661 1322 3726 prm·

225 3748 332 3808 turam
347 3743 449 3825 gessit
462 3763 493 3810 a.
510 3742 608 3812 U..G.
628 3741 705 3809 768·
725 3745 813 3810 ultra
834 3765 936 3830 qnam
958 3745 1153 3814 ascendisse
1175 3741 1219 3808 ad
1243 3763 1321 3808 corr·

225 3843 384 3960 sursum,
396 3863 506 3929 neque
527 3845 646 3929 ipsius,
660 3865 765 3930 neque
778 3846 879 3917 ullius
898 3848 1040 3917 auctoris
1054 3849 1147 3912 extat
1170 3844 1321 3924 testimo-

224 3963 391 4132 muNmeque
406 4049 448 4113 de
462 4049 589 4132 relique
599 4047 673 4131 ejus
687 4049 761 4113 vita
771 4053 849 4133 post
861 4054 1036 4132 praetrrram
1051 4049 1228 4131 quicquam
1243 4063 1322 4108 con-

211 4153 307 4235 stat,
327 4151 392 4218 nisi
413 4153 504 4240 quod
527 4151 569 4220 dc
590 4150 706 4242 operis
723 4151 901 4242 conscripti
923 4159 1087 4241 tempore,
1106 4167 1151 4216 ex
1169 4147 1230 4218 illo
1245 4147 1321 4235 ipso
