2948 4862
278 386 328 436 uu
351 387 504 438 vsuunrr
530 386 703 452 taenaro,
725 387 907 456 mortuus,
931 391 977 440 su
1000 391 1100 444 rruu.
1193 381 1240 453 Ι

138 527 386 615 pontionemvo
399 547 494 598 uuam
510 550 556 596 ex
570 532 677 615 gretia
691 532 848 618 odioque,
864 535 987 619 quibus
998 537 1078 604 aula
1090 557 1151 606 eon
1159 559 1240 626 pros

139 637 342 716 moeretur,
358 636 527 718 temperet.
569 633 614 700 V.
625 655 656 700 c.
673 651 712 700 ιι.
725 634 801 702 llo
815 635 894 704 luo.
916 655 958 708 rr.
972 639 1047 704 lul.
1070 640 1239 713 coll-*ltu

137 753 188 819 eq.
203 734 281 803 100.
304 755 354 818 eq·
368 732 534 805 1uu.ltu.
578 734 691 816 Quum
715 739 864 804 maxime
886 740 1158 812 amonerentur
1178 743 1243 816 Ἡ*

133 837 221 904 lrerii
236 836 428 922 Sejauique,
454 837 716 907 todtsstmornm
736 839 916 920 hominum,
939 841 1034 926 laus3
1057 845 1147 910 illiue
1161 846 1237 932 qui.

135 939 219 1008 dam.
229 939 316 1007 adeo
330 959 391 1024 per
404 946 510 1007 totam
524 941 656 1024 imperii
671 938 817 1024 Augusti
841 945 1080 1012 enuntionem
1095 947 1146 1012 ita
1165 947 1237 1019 diu·

135 1042 260 1127 ripam,
290 1047 328 1108 ut
357 1043 470 1126 potius
501 1041 641 1120 uibeui,
671 1061 773 1129 quam
799 1042 956 1127 Augusti,
979 1049 1141 1117 memoria
1167 1055 1236 1122 tra·

133 1147 245 1214 datur.
1226 1215 1231 1226 .

176 1249 249 1314 Sed
265 1248 310 1316 ad
325 1246 517 1316 diluendum
537 1245 604 1312 hou
625 1246 825 1314 adulationis
840 1249 965 1314 crimen
979 1251 1107 1318 auctori
1119 1258 1234 1326 nocuo

135 1351 318 1436 objectum,
353 1349 459 1414 multo
486 1348 521 1414 in
543 1353 677 1432 promtu
703 1353 791 1416 aunt.
849 1349 999 1418 Primum
1021 1352 1052 1419 si
1076 1351 1232 1428 Velleius

134 1452 308 1518 casuum
327 1451 620 1537 potentiorumque
642 1451 827 1518 aulicorum
848 1451 984 1518 laudem
1001 1453 1176 1523 adulanter
1196 1465 1233 1528 et

133 1574 210 1620 oum
241 1554 471 1619 admirationis
498 1573 596 1620 senso
619 1555 864 1638 praedicaverit,
895 1555 932 1620 id
960 1557 1068 1639 magis
1100 1559 1230 1637 meoli,

132 1673 233 1742 quam
257 1657 378 1740 ipsium
410 1657 492 1722 vitio
514 1655 658 1722 dandum
678 1677 753 1726 esse
777 1658 920 1724 videtur.
963 1658 1095 1724 Etenim
1115 1679 1231 1728 omnes

130 1757 209 1835 fere,
222 1758 280 1840 qui
295 1756 441 1822 Romani
455 1759 599 1824 uomluis
613 1765 717 1836 mant,
732 1761 788 1824 vel
802 1761 975 1826 beneficiis
988 1759 1229 1844 Imperatorum

130 1858 295 1935 obstricti,
319 1859 373 1923 vel
394 1865 486 1926 motu
506 1859 743 1928 dominationis
765 1862 889 1940 adacti,
909 1861 989 1926 inde
1015 1863 1059 1928 alt
1083 1861 1230 1948 Augusti

6 2051 7 2056 ἵ
130 1958 237 2028 initiis
258 1957 305 2023 'ud
326 1959 472 2026 iufiunum
495 1961 719 2027 adulationem
743 1962 872 2047 delapsi
896 1969 986 2029 sunt.
1029 1963 1082 2030 Ea
1095 1980 1229 2049 qnoque

129 2069 181 2159 est
195 2060 396 2146 scriptorum
411 2061 588 2146 podtarum
600 2063 800 2147 principum,
814 2062 947 2145 po'etico
962 2065 1099 2149 quidem
1109 2067 1229 2149 spiritu

129 2164 391 2242 excambium,
405 2182 502 2248 euque
524 2183 566 2228 ac
594 2165 823 2248 prosaiuornm
836 2183 896 2248 per
909 2171 1064 2248 tempora
1076 2163 1228 2232 marna,

130 2266 232 2332 tinnis
254 2266 478 2350 imperatoriae
492 2283 562 2330 vox
575 2271 739 2349 perpetua
759 2273 793 2330 et
813 2267 864 2331 ita
886 2268 1083 2346 communis,
1097 2272 1136 2332 nt
1157 2286 1225 2334 ser·

128 2368 205 2434 vilis
221 2368 366 2444 amnne,
381 2385 477 2451 quem
493 2367 567 2434 istae
581 2385 684 2432 voces
705 2367 889 2452 spirabant,
911 2369 974 2434 vix
988 2370 1032 2444 ab
1049 2368 1146 2452 ipsis,
1165 2371 1226 2438 vix

127 2469 170 2534 ab
186 2467 379 2552 equalibus
394 2469 578 2532 sentiretis

168 2567 240 2646 Qui
253 2567 375 2634 deinde
388 2569 533 2652 penitius
546 2568 776 2632 intellexerunt
788 2568 865 2632 illos
873 2567 1061 2651 scriptores,
1070 2575 1104 2634 et
1114 2569 1225 2652 ipsum

127 2667 309 2749 Velleinm,
340 2689 399 2734 eos
420 2688 488 2734 non
518 2669 606 2752 fugit
629 2669 777 2736 liberalis
802 2667 940 2752 qnidam
963 2670 1064 2738 animi
1085 2671 1224 2738 istorum

127 2771 278 2855 spiritns,
292 2771 353 2836 sod
367 2770 522 2854 prudenti
536 2775 607 2836 arte
620 2771 928 2854 miretomperatus.
970 2770 1123 2838 Velleius
1135 2772 1224 2840 onim

124 2873 208 2940 bene
222 2873 329 2940 nulla
342 2871 445 2950 dedit,
470 2874 505 2936 in
514 2901 516 2906 ·
525 2873 629 2956 priori
648 2873 793 2936 maxime
807 2873 915 2954 operis
927 2877 1034 2958 parte,
1053 2873 1222 2942 libonotus

125 2975 265 3059 spiritns
279 2974 490 3051 documenta
514 2973 639 3056 quibus
654 2973 760 3038 uveri
773 2973 929 3056 aequique
940 2993 1041 3040 sensu
1060 2982 1096 3040 et
1111 2993 1134 3040 a
1145 2993 1222 3059 par·

124 3075 206 3142 tium
221 3075 336 3142 studio
348 3073 493 3141 alienum
517 3093 556 3139 se
574 3073 744 3157 praestitit.
788 3073 875 3140 Cum
898 3075 986 3140 euim
1005 3075 1222 3158 optimatium

123 3195 238 3244 consue
254 3195 297 3242 ao
310 3175 461 3259 partibus
475 3174 644 3240 addictum
656 3193 692 3240 se
705 3173 910 3258 patefecerit,
924 3180 1047 3254 tamen,
1061 3177 1115 3242 vel
1129 3177 1222 3244 vitiis

122 3277 389 3344 adrermdorum
400 3295 512 3342 earum
523 3277 668 3360 partium
681 3274 868 3356 castigatis,
877 3276 1015 3342 uirtutes
1029 3277 1221 3346 horumnon

123 3380 254 3462 reticet,
284 3380 399 3463 potius
424 3379 551 3462 egregie
577 3375 768 3457 collaudat3
804 3384 915 3442 contra
940 3379 975 3444 in
1003 3380 1221 3462 optimatibus

122 3478 223 3546 etiam
237 3497 349 3546 mores
362 3499 496 3564 pmvos,
522 3480 751 3556 temeritatem,
774 3481 953 3558 saevitiam,
976 3480 1217 3564 impotentium,
1361 3545 1364 3552 .

122 3579 256 3666 aliaque
272 3583 356 3650 vitia
382 3582 535 3666 agnoscit
558 3589 594 3646 et
618 3582 796 3664 vituperat.
841 3579 884 3644 ld
910 3581 995 3646 adeo
1017 3581 1128 3648 tocere
1151 3602 1219 3650 non

120 3680 302 3762 dubitarit,
319 3684 378 3748 ubi
391 3683 435 3749 ad
448 3682 596 3748 ueneris
616 3685 651 3746 ot
673 3681 883 3765 insequentia
896 3688 1049 3766 tempora
1059 3686 1218 3768 parauit,

119 3781 163 3850 de
179 3785 316 3869 quibus,
331 3787 406 3870 ipae
420 3790 496 3869 post
509 3786 693 3850 exdnctam
707 3784 895 3854 libertatem
911 3785 973 3850 sub
991 3788 1091 3850 nnius
1105 3785 1218 3868 auspi·

117 3886 181 3954 cto
190 3892 302 3963 naurs,
317 3907 394 3956 cum
407 3887 676 3971 prudentioribus
690 3887 807 3965 senat,
818 3887 877 3971 qui
890 3907 958 3954 rem
967 3887 1068 3952 Rom.
1083 3885 1128 3950 sd
1141 3903 1218 3952 earn

116 3991 303 4074 impurum
323 3992 554 4059 demortuum
578 4009 652 4056 ense
674 3991 843 4056 reductam
862 3994 1023 4072 putarent,
1056 3995 1095 4054 ut
1115 3985 1218 4055 uuio!

114 4087 295 4175 imperium
316 4091 485 4156 communi
505 4091 607 4158 saluti
620 4110 721 4174 quam
735 4089 883 4156 maxime
897 4087 1106 4155 conduceret
1149 4085 1215 4156 Gu-

113 4197 209 4285 unos
221 4193 325 4276 adeo,
346 4194 485 4274 Brutos,
498 4197 532 4264 et
545 4192 687 4262 tirmior
704 4191 898 4274 adunatur,
921 4207 1099 4278 eurumque
1110 4190 1216 4262 virtu-,2
