2948 4862
388 303 438 352 nn
461 305 494 355 o.
517 303 671 355 vnnnnrr
694 306 911 360 rsunrounr
937 309 1037 363 vrrs.
1239 301 1263 366 b

164 451 294 534 potunt,
311 447 406 534 requi
420 451 603 530 maluerim.
648 452 706 518 lta
726 453 814 520 euim
831 457 952 522 sentio.
996 456 1082 522 Gom
1096 453 1260 540 Velleius,

163 552 366 634 ubicumque
381 553 519 617 oemio
534 553 677 633 timetur,
693 555 843 640 inopere
858 577 920 623 suo
928 559 1072 639 militine,
1086 563 1260 644 magistre-

162 657 267 734 tuum,
283 654 534 739 bonorumque,·
546 673 633 740 quos
655 656 790 722 deberet
804 657 960 740 Augusto
974 660 1190 745 Tiberioque,
1204 663 1258 730 bis

160 755 298 838 quidem
319 763 451 838 gratum
481 758 629 822 euimum
660 775 758 824 suum
788 760 1042 842 significaturus,
1073 762 1259 847 domusque

159 855 326 939 Augustae
341 860 477 941 gretiam
487 865 694 943 captaturos,
706 864 903 928 mentionem
914 864 1084 947 injecerit3
1107 867 1167 930 vix
1181 886 1258 951 pru·

159 958 272 1023 bonite
285 968 349 1040 est,
363 981 438 1026 eum
453 962 606 1028 militium
619 983 714 1028 suum
728 966 764 1028 iu
777 964 923 1030 Thmcio
936 967 1257 1050 ectum,imperiun1·

159 1077 226 1143 que
246 1062 310 1126 boe
333 1064 565 1140 novissimum,
585 1065 746 1130 beneficio
765 1065 893 1131 'liberii
914 1073 1104 1150 acceptum,
1121 1069 1256 1134 silentio

157 1165 374 1244 praeteriisse,
396 1185 471 1230 cum
490 1169 596 1230 temen
610 1169 804 1231 memoriam
818 1169 872 1232 sui
886 1169 952 1234 seri
967 1169 1011 1234 erl
1025 1168 1133 1234 Liviae
1147 1187 1255 1254 nsque

156 1263 297 1345 obitum,
311 1268 344 1333 lr.
359 1287 388 1333 e.
404 1267 448 1332 od
462 1288 493 1333 a.
510 1268 554 1332 U.
570 1267 610 1335 6.
624 1268 700 1336 782.
714 1277 973 1354 persequeretur.

201 1364 242 1429 Iu
256 1368 498 1450 antiquioribus
510 1375 620 1434 nutem
630 1371 845 1460 scriptoribus
857 1371 1170 1437 neuroVelleiorum
1185 1372 1254 1438 ele·

155 1483 213 1529 rus
226 1471 371 1532 oecurrit
383 1475 504 1554 prester
525 1469 565 1536 G.
581 1470 761 1550 Volteium,
783 1479 979 1550 senatorem,
998 1471 1136 1556 Epicuri
1151 1473 1252 1538 disei-

156 1567 257 1649 plinoe
280 1569 462 1651 addietum,
485 1591 625 1656 eumque
648 1574 683 1637 in
706 1573 878 1640 Ciceronis
897 1575 1033 1658 'dialogo
1055 1576 1097 1638 (le
1119 1572 1252 1640 Neturo

156 1667 306 1734 Deorum
328 1664 483 1752 tuentem,
505 1674 545 1740 1..
561 1674 677 1739 Crassi
699 1679 838 1741 oratoris
859 1677 1066 1755 familiarem,
1087 1676 1251 1740 tribunum

153 1770 199 1852 pl.
214 1791 248 1836 e.
265 1772 309 1837 U.
326 1773 364 1840 C.
377 1777 453 1840 664.
476 1797 510 1840 v.
525 1775 597 1840 Cio.
609 1775 659 1866 Ν.
667 1777 711 1840 D.
727 1793 751 1840 r.
765 1777 798 1840 6.
822 1778 863 1840 de
877 1777 933 1842 Or.
951 1777 1072 1842 rrr.2l.
1119 1778 1156 1842 Is
1168 1793 1249 1841 vere

152 1889 217 1937 non
233 1875 481 1941 confundendus
494 1883 548 1941 est
561 1895 636 1941 oum
647 1895 713 1941 avo
727 1875 848 1942 Nostri
861 1877 1008 1960 ejusdem
1023 1879 1176 1955 nominis,
1192 1876 1249 1962 qni

152 1991 183 2038 e·
199 1972 244 2040 U.
254 1975 296 2041 G.
310 1977 388 2044 m.
402 1984 538 2044 mortem
555 1979 621 2043 sibi
636 1979 811 2045 conscivit.
832 1977 913 2043 vid.
929 1994 970 2041 11.
984 1977 1038 2044 76.
1069 1977 1190 2061 Neque
1201 1997 1248 2043 ex

152 2073 274 2143 velleii
294 2080 469 2163 scriptoris
490 2079 674 2164 muj0rtbus
695 2097 770 2146 esse
783 2081 924 2158 videtur,
940 2099 1017 2144 eum
1032 2080 1087 2144 hic
1101 2078 1249 2144 omnium

150 2176 294 2245 virorum
310 2182 473 2247 clarorum
495 2199 565 2246 suae
587 2181 722 2247 semiliee
738 2183 942 2258 memoriam,
956 2185 1114 2264 quantum
1130 2200 1174 2244 ex
1190 2174 1248 2246 un·

150 2280 304 2364 tiquitete
316 2288 461 2366 repetere
482 2301 557 2348 eom
577 2287 706 2366 posset,
728 2282 876 2347 coluerit.
919 2281 1038 2365 Iteque
1060 2281 1246 2364 Epicureus

149 2381 205 2447 ille
220 2384 336 2468 potius
349 2386 473 2450 exulis
492 2383 635 2450 Velleiee
657 2384 775 2467 gentis,
797 2401 899 2467 quum
921 2382 1183 2461 Paterculorum,
1196 2384 1247 2449 fe·

148 2483 359 2552 miliufuisse
373 2486 515 2552 videtur.
1213 2535 1216 2541 Α

190 2586 246 2652 De
268 2589 343 2653 vitu
369 2589 489 2653 Nostri
514 2586 598 2651 nihil
621 2585 766 2664 aliunde,
789 2601 891 2670 quom
915 2601 959 2648 ex
984 2584 1071 2666 ipso,
1103 2591 1244 2651 constet.

148 2683 239 2750 Num
254 2693 414 2766 veterum,
430 2689 490 2772 qui
504 2693 585 2771 post
597 2705 674 2751 eum
687 2683 851 2764 vixerunt,
872 2701 983 2762 nemo,
1005 2702 1112 2768 neque
1126 2686 1244 2768 ipsius,

145 2803 255 2870 neque
270 2789 383 2872 operis
397 2790 470 2876 ejus
483 2789 586 2852 ullum
602 2787 684 2852 inuit
701 2787 910 2852 mentionem.
952 2786 1243 2869 Aequiesoendum

145 2885 248 2970 igitur
261 2895 313 2954 est
326 2890 361 2952 iu
375 2890 432 2968 iis,
454 2879 745 2974 paucissimisque,
767 2906 843 2973 quse
866 2888 908 2953 de
929 2907 977 2967 se,
993 2888 1033 2953 de
1044 2886 1241 2970 majoribus,

145 2987 187 3054 de
200 2990 331 3069 militie,
342 2977 595 3075 muneribusque
607 2992 677 3056 suis
690 2990 782 3074 operi
796 2991 961 3070 intexuit3
983 2993 1094 3054 cetero
1107 2992 1243 3074 assequi

143 3089 198 3155 ies
222 3097 275 3156 est
295 3094 496 3178 eonJ‘eeturn.
541 3094 582 3157 In
605 3113 671 3177 quo
692 3091 781 3158 hund
802 3093 920 3158 infelix
940 3091 1003 3156 furit
1022 3091 1125 3156 Henr.
1146 3091 1241 3156 Dod-

142 3193 271 3273 wellus‚
293 3199 351 3280 qui
374 3200 385 3230 ‘
399 3194 548 3261 Annales
562 3193 765 3272 Velleionos,
788 3214 817 3259 s.
833 3196 934 3260 vitum
948 3191 1071 3258 Velleii
1084 3213 1144 3277 pro
1157 3200 1241 3261 tem·

142 3313 261 3378 porum
276 3297 391 3362 ordine
404 3297 609 3382 dispositum’
629 3298 734 3362 edidit
746 3297 858 3362 Oxou.
873 3296 969 3363 1698.
984 3296 1018 3361 8.

183 3395 224 3462 Is
236 3400 324 3463 euim
339 3398 531 3464 Dodwellus
551 3399 647 3464 docte
668 3405 703 3462 et
724 3404 823 3463 acute
844 3417 977 3475 sunum,
992 3415 1060 3481 quo
1074 3393 1172 3464 natus
1187 3403 1240 3464 est

143 3493 305 3579 Velleius
341 3521 386 3584 en
410 3521 461 3578 eo,
499 3517 567 3583 quo
595 3501 700 3582 gessit
727 3506 940 3583 quaesturam,
969 3505 1143 3565 essecutus
1179 3506 1243 3567 est.

143 3595 358 3678 Quaestorem
379 3603 466 3666 enim
487 3601 696 3685 designatum
718 3600 834 3679 luisse,
858 3602 934 3684 ipse
951 3609 1075 3679 narrat,
1092 3621 1122 3665 u.
1137 3601 1182 3665 U.
1198 3601 1238 3668 G.

139 3701 215 3768 759.
232 3723 301 3787 quo
321 3704 440 3788 jussus
464 3705 507 3768 ub
530 3700 684 3786 Augusto
699 3699 742 3766 od
763 3701 945 3779 Tiberium,
960 3702 1120 3766 adversus
1145 3693 1236 3765 Pon·

139 3807 276 3870 uoniam
292 3805 564 3888 Dalmatiamque
585 3803 783 3869 rebellantes
801 3803 998 3886 proiectum,
1020 3821 1134 3866 recens
1156 3819 1238 3868 eon·

140 3906 303 3994 scriptum
328 3909 515 3988 exercitum
542 3906 649 3971 duxit.
688 3904 765 3969 vid.
790 3904 864 3968 Lib.
881 3921 921 3966 ιι.
947 3923 1020 3987 cap.
1042 3904 1074 3966 3.
1118 3902 1238 3987 Itaque
1325 3947 1330 3954 ι

140 4015 291 4089 quaestor
310 4007 377 4091 luit
400 4007 554 4091 proximo
576 4025 674 4072 euno.
718 4004 804 4070 Cum
819 4024 909 4084 vero,
925 4005 978 4070 uel
998 4003 1095 4068 venio
1109 4005 1153 4070 ub
1169 4005 1237 4072 lnr·

138 4109 349 4190 potatoribus
370 4110 460 4190 dete,
480 4109 603 4176 nemini
617 4118 693 4177 aute
709 4123 806 4174 uxr.
823 4106 935 4175 estatis
947 4123 1067 4174 eurtum
1091 4112 1236 4191 queestu·
