3070 4856
233 343 300 418 Μ
469 341 486 394 s
557 363 592 414 u.
618 357 768 412 sennen
794 357 1009 410 rnrnnouur
1076 387 1079 394 -

275 511 329 578 96.
353 505 448 576 Mors
457 505 580 572 deiude
595 499 758 588 Agrippae
770 501 830 586 [U.
845 523 876 568 c.
892 501 966 568 rut
980 521 1010 570 a
1023 502 1103 569 Glrr.
1116 519 1149 567 n.
1165 501 1238 586 114]
1254 501 1329 591 (qui

232 612 415 679 nouitatem
430 615 538 674 suum⁰
551 605 664 672 multis
686 605 789 669 rebus
812 603 1057 684 nobilitaverat,
1080 610 1181 690 utone
1208 607 1243 672 in
1264 607 1328 700 boo

234 714 445 800 perduxerat,
469 712 563 776 utet
587 706 733 773 Neronis
754 713 846 772 esset
870 726 982 788 sooer;
1012 709 1178 793 cujusque
1196 707 1328 788 liberos'

230 821 368 900 nepotes
383 831 476 890 suos,
493 809 537 874 D.
546 807 731 892 Augustus,
746 809 941 896 prepositis
954 809 1042 875 Caii*
1056 829 1097 875 ae
1112 809 1208 876 Iunii
1224 813 1328 876 nomi·

230 919 332 984 nibus
360 908 594 998 adoptaverat)
629 911 779 977 admont
815 912 954 994 propius
991 911 1156 978 Neronem
1188 911 1327 980 Gaesari

228 1018 374 1103 Quippe
384 1017 456 1082 lilia
469 1015 544 1100 ejus
555 1013 674 1092 iulias
687 1031 765 1098 quse
780 1013 892 1080 iuerat
901 1011 1062 1099 Agrippae
1073 1020 1187 1100 nupta,
1206 1013 1331 1082 Neroni

149 1135 154 1144 “
228 1121 355 1205 nupsit.
401 1117 549 1184 Subinde
573 1117 695 1182 bellum
725 1116 982 1196 Pannonicum)
1009 1116 1112 1201 quod,
1137 1117 1328 1184 inchoatum

228 1217 321 1307 (ab)⁹
346 1219 513 1305 Agrippa,
540 1219 659 1286 Marco
683 1218 833 1298 Vinicio,
854 1237 920 1286 svo
946 1224 1014 1297 tuo,
1036 1219 1200 1298 somnes
1224 1219 1283 1304 [U.
1297 1236 1328 1286 o·

229 1324 308 1392 735.
323 1341 353 1388 a.
369 1321 445 1388 (lin.
460 1342 492 1388 u.
507 1321 576 1402 le]
598 1339 750 1404 magnum
776 1327 939 1406 atroxque
953 1327 988 1387 et
1006 1339 1168 1406 perquam
1182 1321 1328 1388 uicinum

226 1425 423 1492 imminebat
445 1424 568 1501 Italiae,
581 1443 642 1506 per
665 1422 834 1488 Neronem
850 1431 978 1506 gestum
992 1431 1053 1490 est.
1097 1422 1222 1490 Gentes
1237 1424 1327 1490 Pun-

228 1527 413 1605 nouiorum‚
429 1525 727 1610 Delmatarumque
736 1526 906 1604 nationes,r
919 1527 1087 1611 situmque
1101 1527 1270 1610 regionum
1284 1545 1324 1596 st

225 1627 410 1706 fluminum
428 1644 663 1710 numerumque
684 1631 718 1692 et
741 1626 878 1692 modum
903 1629 1033 1707 viuum,
1059 1629 1326 1696 excelsissimus·

225 1747 294 1815 que
319 1735 353 1795 et
373 1729 575 1813 multiplices
589 1747 632 1794 eo
646 1730 735 1794 bello
754 1731 911 1797 victorius
926 1733 1012 1796 tanti
1026 1732 1243 1817 imperatorie,
1258 1731 1325 1796 elio

225 1831 306 1906 beo
320 1832 575 1916 explicabimus.
621 1831 701 1898 Hoc
715 1849 802 1917 opus
822 1834 1085 1900 servetiormum
1099 1850 1205 1899 suum.
1250 1831 1325 1898 Hu-

220 1933 282 2020 jus
298 1933 449 2002 victoriae
463 1953 604 2019 compos
619 1934 721 2016 Nero,
736 1953 842 2003 orsus
856 1935 1093 2022 triumphavit·

687 2116 820 2140 ΟΟΟΟΟ
821 2119 865 2139 m

225 2189 434 2250 videbuntur&
445 2199 494 2249 Ed.
513 2214 551 2264 pr.
570 2199 737 2264 Gaii-tlte
757 2201 805 2254 sd.
825 2201 905 2253 Busil.
941 2201 990 2254 El.
1008 2214 1048 2266 pr.
1069 2198 1140 2260 Q.s.
1161 2198 1189 2249 J.
1209 2214 1230 2248 s.
1265 2193 1325 2260 nis·

222 2261 314 2315 'umen
330 2261 475 2314 iortssses
497 2265 614 2329 margins
632 2266 758 2318 iutrusuus
777 2269 878 2318 est-⁹
891 2265 930 2319 At
950 2265 1025 2318 deest
1041 2265 1068 2316 lu
1091 2262 1159 2315 ledo.
1175 2263 1324 2329 plerisquer

723 2415 829 2467 Now

226 2523 276 2559 uon
288 2506 313 2558 iu
333 2521 361 2560 se
378 2506 524 2576 susdperet
538 2517 566 2564 et
577 2507 757 2580 confiteretur,
794 2526 823 2562 os
833 2507 1189 2572 ennosvslleiusiblsignstr
1207 2509 1323 2570 1¹¹,ouo

226 2584 374 2637 etslsenex.
793 2588 971 2639 Pannonicum
982 2587 1079 2637 mium
1089 2589 1177 2634 ustum
1193 2581 1325 2646 est,selli-

257 2669 269 2694 ⁰
287 2661 425 2714 Nsoitotsss
435 2663 514 2728 mus]
531 2662 563 2715 ld
575 2671 625 2728 est,
637 2652 758 2729 oul'suul·
794 2671 837 2716 cet
854 2663 980 2728 Agrippae
997 2662 1148 2714 consulatu:
1193 2661 1249 2719 2²¹,
1272 2671 1322 2722 quo

162 2739 166 2748 '
225 2735 259 2786 tis
278 2736 355 2787 t'sctis
376 2737 559 2789 nobilitaverat
579 2753 756 2804 genuussuum,
792 2739 861 2789 idem
884 2739 979 2789 bellum
1008 2737 1133 2799 adolevit,
1155 2748 1204 2786 svo
1226 2732 1322 2783 Vinicii

221 2818 303 2863 sutus
321 2824 412 2876 perum
432 2817 574 2880 cognitum.
611 2815 680 2866 Vide
695 2831 754 2881 esp.
794 2813 909 2865 consum.
944 2815 1021 2880 Certe
1040 2820 1122 2863 totum
1140 2811 1205 2863 illud
1226 2809 1322 2860 bellum

223 2891 267 2938 ⁸⁴·
793 2889 914 2939 'liberius
925 2888 1123 2938 administravit.
1143 2889 1245 2940 Quare
1262 2885 1323 2950 Lip-

221 2986 224 2994 ν
256 2959 459 3028 tPossosicurs]
487 2965 629 3016 Pannonis
649 2965 754 3019 bellum.
794 2964 833 3014 sio
855 2977 906 3012 nou
928 2971 971 3012 est
989 2961 1103 3024 dublum,
1123 2961 1185 3026 quin
1206 2959 1322 3010 Velleius

219 3037 271 3090 Est
285 3044 374 3089 sutem
392 3039 527 3090 Psunonis
543 3042 655 3106 Europe
674 3045 755 3110 regio,
794 3041 938 3105 scripserit,
963 3041 1024 3105 prod
1049 3040 1183 3089 temtans
1203 3037 1323 3102 Apim,

220 3113 300 3179 'quem
311 3113 467 3168 Ptolemrens
479 3115 505 3165 iu
516 3117 674 3180 superiorem
683 3126 713 3168 et
726 3117 753 3168 iu
793 3117 921 3181 Morwose
935 3115 1146 3178 Vettoaeorso,
1159 3115 1213 3163 cos.

221 3189 370 3241 inferiorem
389 3191 492 3242 dividit.
526 3191 661 3243 Pannonis
678 3207 753 3258 supe·
824 3193 1057 3256 ‘limumque
1077 3186 1196 3251 sereno]
1223 3187 1320 3236 Petrus

222 3263 275 3316 rior
286 3264 364 3314 bodie
374 3267 470 3329 purtim
482 3267 514 3318 ub
526 3267 643 3332 Austris,
655 3271 752 3334 partim
792 3270 961 3321 tirunensis
969 3281 1015 3317 sus
1022 3263 1257 3329 Hungsriascribit
1265 3263 1321 3312 nui-

221 3355 238 3390 s
249 3339 384 3390 Ceriutbis
402 3347 431 3390 et
450 3343 571 3390 corniola
589 3351 748 3406 occupetur:
791 3356 892 3392 verssur
912 3341 1069 3392 Delmstism
1088 3353 1145 3389 cum
1157 3337 1206 3388 sibi
1217 3343 1320 3388 contar·

222 3413 329 3464 inferior
341 3421 397 3466 tote
408 3415 456 3465 sub
473 3414 610 3478 liuugsria'
620 3421 671 3478 est,
682 3415 750 3466 llos·
789 3417 865 3469 ruinis
876 3417 1068 3484 illyrideetque
1079 3413 1205 3465 Liburnis
1213 3427 1265 3464 uuo
1277 3427 1320 3464 vo·

218 3489 588 3554 ¹ptiustArrotriclseen'pnrtt'e.
791 3489 1277 3554 esbutodietwsostsmssotseonter
1291 3495 1320 3539 et

218 3569 222 3582 ¹
253 3563 400 3630 rumpe,
417 3565 503 3614 Murco
524 3563 624 3626 Vinicio,
642 3577 685 3614 ouo
702 3569 750 3629 tuo,
791 3568 913 3634 quicquid
930 3573 1001 3619 trans
1018 3569 1113 3618 Savum
1133 3579 1251 3632 agrorum
1268 3571 1320 3626 est,

220 3641 324 3705 mule]
352 3641 471 3704 Sigonius
492 3647 519 3690 et
544 3640 694 3703 onuphrius
717 3653 751 3690 ex
790 3657 839 3708 per
850 3658 914 3708 quos
930 3645 981 3694 iter
992 3644 1027 3694 sit
1039 3657 1125 3693 versus
1135 3641 1248 3706 ltslisur,
1260 3645 1319 3693 Gru·

217 3713 752 3782 hoclocomueutrnuurngrippaqnsr-
790 3718 1012 3770 ffiomuomlnsrl.

221 3799 276 3844 tum
287 3794 459 3846 cousulstnm.
475 3792 527 3846 Sed
540 3807 588 3844 nec
601 3791 667 3844 bene
677 3793 750 3843 multi
820 3803 830 3828 ¹
848 3795 1102 3861 Oecsstrtursptooit]
1119 3795 1318 3847 Oretioertmi·

217 3875 437 3921 'commentatores
450 3869 591 3935 Agrippum
610 3871 700 3922 volunt
716 3871 750 3920 sd
789 3884 837 3919 nor
852 3871 1011 3936 triumphus:
1029 3873 1193 3937 etrinmpbo,
1203 3871 1257 3922 κατ’
1268 3873 1318 3934 ἐξο-

218 3945 372 3996 bocbrllum
385 3948 565 4000 esseruissusn.¹
597 3947 666 3998 Nem
682 3952 749 3999 locs
788 3945 837 4008 xis
847 3945 927 4010 dicto,
937 3948 986 3997 boc
994 3949 1128 4012 praecipue
1138 3947 1236 4013 differt,
1247 3947 1317 4014 quud

216 4019 257 4068 lris
265 4019 356 4070 velleii
366 4021 565 4089 verbis,‘queur
574 4023 688 4090 usquein
698 4033 749 4074 ter·
788 4023 948 4086 triumphans
966 4037 1051 4086 curru,
1071 4037 1150 4072 ovans
1171 4031 1255 4073 sutem
1276 4017 1317 4072 vet

215 4091 284 4144 'tinus
305 4098 467 4148 consuletunr
489 4100 605 4154 amicitis
625 4101 749 4165 principis
788 4113 853 4166 equo
872 4101 915 4149 rel
932 4100 1043 4164 pedibus
1060 4099 1150 4148 turbem
1168 4099 1317 4163 ingredere-

219 4169 360 4232 erexerat*
378 4180 463 4234 putet,
480 4171 624 4240 Agrippum
642 4179 748 4228 tertium
788 4181 839 4224 tur.
873 4173 943 4224 ilinc
960 4189 976 4223 s
993 4173 1094 4223 Grecis
1108 4171 1218 4237 θρίαμβος
1235 4171 1316 4238 πεζὸς,

216 4239 379 4298 tomolatum
387 4251 644 4306 nontrsnscendisse.
659 4243 747 4306 milu-
784 4250 841 4302 sive
857 4249 1005 4316 triumphus
1022 4247 1149 4314 pedestris
1160 4249 1314 4318 appellator.
