2948 4862
232 329 236 347 ⁸
288 375 339 428 nn
363 375 519 428 vnnnnu
543 376 920 442 monumemtum,
944 377 990 428 nr
1013 373 1114 430 rins.
1203 359 1249 440 η

150 527 267 600 torem
294 521 417 590 Nostri
438 539 524 606 opns
555 521 773 588 ‘inimitabile
804 521 917 608 operis
937 519 1091 590 historici
1113 523 1250 609 precisi

152 624 346 708 exemplor’
369 628 550 691 vocantem.
595 624 675 691 Vid.
691 624 846 692 hiemoir.
861 624 903 692 dc
917 623 1049 708 l’Aced.
1064 625 1126 694 des
1140 625 1248 702 lusor.

150 730 184 793 rt
195 725 282 792 Bell.
298 725 401 792 leth.
417 725 459 792 T.
475 725 750 812 xxv111.p.till.
765 745 841 812 sqq.

671 1045 741 1113 111.

291 1245 341 1296 ΒΕ
365 1243 519 1294 Vlihhllll
544 1243 715 1308 triduum,
740 1245 920 1310 nostrus,
944 1247 991 1298 si*
1015 1249 1115 1302 rins.

195 1411 301 1480 Orus
316 1413 441 1480 Velleii
458 1414 605 1480 vindicat
619 1434 699 1480 sane
715 1416 842 1480 auctori
856 1417 999 1500 primum
1013 1415 1134 1500 ingenii
1149 1437 1254 1504 quens

155 1513 234 1580 dam
248 1517 410 1601 vigorem,
422 1525 457 1581 et
467 1519 500 1582 in
511 1517 691 1600 cogitando
706 1518 852 1597 omnino,
866 1525 901 1584 et
913 1519 947 1582 in
962 1518 1148 1598 sentiendo,
1156 1521 1251 1606 quic·

156 1617 238 1702 quid
251 1620 286 1684 in
300 1639 431 1704 quaque
445 1640 481 1684 re
494 1621 574 1686 insit
594 1640 661 1685 non
676 1620 786 1686 solum
797 1623 920 1704 magni,
941 1621 1074 1704 mande,
1089 1621 1252 1691 animun·

156 1739 222 1806 qne
236 1721 433 1804 percellens,
448 1723 507 1786 sed
522 1723 622 1788 etiam
638 1725 719 1807 qaid
741 1723 869 1806 pulchri
884 1729 982 1806 atque
996 1723 1135 1800 honesti,
1150 1723 1253 1810 idque

157 1841 233 1886 cnm
247 1822 392 1906 quodam
415 1823 546 1891 affectu.
591 1825 720 1891 Deinde
743 1826 832 1889 hand
857 1825 1108 1910 inconspicuum
1131 1831 1183 1890 est
1203 1827 1254 1890 in·

158 1924 247 2008 genii
262 1943 405 1990 acumen
418 1927 575 2006 auctoris,
601 1946 680 2011 quo,
702 1947 779 2012 quac
802 1927 1020 1994 multitudinis
1039 1927 1159 1994 oculos
1180 1926 1253 1992 ani·

157 2045 314 2110 mumque
329 2025 472 2109 fugiunt,
495 2030 642 2112 penitius
659 2029 846 2111 perspexit,
861 2029 916 2092 cui
930 2047 1009 2094 vero
1022 2046 1254 2112 nonuunquam

157 2127 296 2202 nimium
313 2128 486 2210 indulgens
501 2129 544 2194 ad
557 2131 755 2212 argutiarum
768 2130 852 2195 vitia
873 2130 1030 2214 abreptus
1043 2136 1107 2196 est.
1150 2129 1254 2196 Hauc

157 2230 285 2314 ingenii
299 2231 367 2296 vim
381 2232 454 2316 ipse
470 2235 538 2296 tam
551 2251 657 2296 rerum
672 2232 889 2316 experientia,
905 2230 959 2296 vel
974 2251 1019 2298 ex
1033 2232 1182 2316 antiqua,
1203 2230 1256 2298 vel

160 2351 204 2396 ex
230 2351 294 2398 sua
315 2319 634 2410 memoria'hausta,
659 2351 759 2416 quam
782 2329 941 2410 doctrina,
965 2351 1010 2396 ex
1033 2333 1256 2417 antiquiorum

161 2433 267 2503 omnis
278 2436 406 2518 generis
420 2435 616 2517 scriptorum
630 2433 770 2497 lectione
783 2431 913 2508 hausta,
926 2433 1118 2498 nutriverat.
1162 2433 1256 2512 Qun-

160 2555 231 2600 rnm
251 2535 312 2600 illa
325 2533 458 2620 quidem
481 2551 555 2597 sese
576 2533 685 2616 aperit
698 2532 753 2596 vel
768 2533 993 2610 consiliorum,
1017 2553 1208 2613 causarum,
1222 2543 1259 2602 et

156 2635 352 2702 effectorum
363 2635 610 2720 perspicientia,
625 2634 682 2697 vel
702 2635 943 2710 sententiarum,
965 2634 1088 2718 quibus
1111 2634 1257 2715 instruit,

161 2739 348 2822 sapientia:
370 2739 444 2802 haec
457 2757 535 2801 vero
550 2737 658 2800 elucet
670 2755 715 2800 cx
731 2735 952 2819 antiquitatis,
962 2737 1034 2801 sivo
1049 2735 1259 2816 domestica,

163 2840 237 2906 sive
252 2845 388 2916 externe,
402 2858 468 2902 non
481 2838 644 2902 universae
657 2837 777 2916 solum,
802 2837 861 2902 sed
875 2837 976 2902 etiarn
987 2837 1021 2901 in
1032 2838 1183 2921 partibus
1196 2840 1259 2906 mi·

162 2942 359 3018 notioribus,
374 2935 459 3006 adeo
474 2938 800 3021 philosophematum
821 2935 906 3024 (vid.
923 2954 962 3002 rr.
976 2939 1032 3004 69.
1046 2936 1150 3024 lta),
1172 2940 1258 3006 unde

163 3041 324 3108 orationis
344 3040 489 3106 colorem
511 3038 620 3118 duxit,
645 3039 842 3120 cognitione,
868 3058 973 3122 neque
992 3039 1099 3104 minus
1119 3059 1164 3104 ex
1185 3059 1259 3104 ora·

163 3143 256 3230 tione
269 3142 315 3207 ad
328 3145 527 3226 optimorum
542 3142 740 3224 scriptorum
758 3141 901 3222 vestigia
922 3161 1092 3224 expressa.
1138 3141 1193 3208 Ex
1206 3141 1259 3208 his

163 3244 319 3310 omnihus
332 3252 432 3310 enata
447 3261 581 3328 quoqne
601 3245 655 3307 est
669 3241 818 3307 auctoris
833 3243 1009 3326 prudentia
1030 3249 1099 3308 tam
1118 3249 1195 3327 apte
1209 3264 1260 3316 se·

163 3346 289 3430 ligendi
311 3352 343 3410 ct
361 3343 582 3428 componendi
604 3343 752 3408 historiar
777 3363 847 3408 suar
861 3350 1062 3427 argumenta,
1087 3364 1193 3429 eaque
1215 3344 1261 3412 ad

166 3447 422 3516 commovendos
437 3444 714 3530 delectandosqne
724 3444 869 3509 lectores
884 3446 1067 3523 enarrandi,
1083 3446 1145 3511 sed
1160 3447 1261 3512 etiam

168 3548 455 3633 circumspiciendi
470 3548 511 3613 de
532 3548 681 3632 periculo
701 3566 746 3612 ex
761 3567 861 3631 opere
877 3567 951 3626 suo,
966 3548 1116 3632 inprimis
1130 3569 1149 3612 c
1168 3547 1261 3632 judi·

167 3651 230 3716 ciis
250 3651 291 3716 dc
316 3651 414 3716 rebus
430 3652 647 3734 personisque
661 3651 855 3733 propositis,
881 3650 947 3713 sihi
959 3654 1127 3725 exorhrro,
1143 3668 1261 3714 caven·

168 3750 279 3834 dique,
292 3772 334 3816 ne
347 3751 518 3830 Tiberium
534 3753 727 3837 anhcosqne
746 3751 888 3816 offendat
902 3757 1001 3837 atque
1016 3751 1131 3816 irritet.

208 3851 268 3918 Ad
292 3855 393 3918 animi
416 3873 495 3918 nero
520 3852 666 3918 indolem
693 3853 839 3918 auctoris
857 3850 946 3936 quod
969 3851 1095 3927 attinet,
1118 3845 1263 3920 hominis

166 3973 245 4022 sane
276 3958 388 4041 probi,
415 3959 589 4039 omnisque
615 3954 801 4020 honestatis
828 3953 969 4018 studiosi
992 3969 1102 4016 moros
1129 3969 1198 4032 prae
1222 3969 1262 4040 se

165 4059 250 4124 tulit.
293 4057 377 4122 Odit
399 4077 493 4122 omne
516 4057 620 4135 nefas,
645 4075 686 4120 ac
710 4055 957 4138 turpitudinem,
982 4069 1163 4148 severaque
1181 4057 1264 4117 nota

164 4160 397 4232 animadvertit
409 4160 444 4222 in
458 4159 606 4224 homines
628 4157 755 4240 magnis
769 4174 897 4220 morum
911 4153 1001 4218 vitiis
1015 4156 1047 4218 et
1061 4151 1194 4236 flagitiis
1212 4152 1264 4220 iu-

166 4261 296 4346 fames3
318 4260 355 4330 iu
371 4259 626 4350 Sardanapalos,
649 4257 790 4338 Marios,
817 4256 940 4345 Syllas,
965 4251 1101 4336 Cinnas,
1126 4253 1264 4320 Clodios
