3012 4866
229 301 273 371 10
461 377 465 386 ,
629 315 920 368 ιιιοιιιιιοιιιιιιι.

176 423 180 428 ³
228 466 293 529 bus
307 457 438 528 indoles
449 458 566 526 horum
587 457 743 537 vinorum,
765 458 947 537 aedanum,
970 465 1201 552 susceptorum
1222 468 1256 528 et
1276 477 1324 528 re·
1464 529 1468 537 ,

228 585 299 630 rum
319 569 479 648 gestarum
500 579 625 637 oausae,
649 565 807 643 quantum
828 562 861 624 in
883 561 1037 643 personis
1058 563 1179 642 insunt,
1197 566 1327 649 perspi·

228 667 367 732 olannu.
412 662 490 741 Quo
512 663 547 725 in
568 662 850 743 generantque
872 662 1075 726 &nominis
1087 664 1196 747 gloria
1206 665 1324 750 major,

226 769 277 832 ita
291 764 476 846 diligentior
490 771 525 826 et
538 761 708 844 eopiosior
721 768 774 824 est
788 760 939 826 Velleius
959 763 992 826 in
1008 762 1082 847 ejus
1094 765 1204 828 indole
1227 768 1326 832 mori·

228 869 359 951 busque
384 863 626 941 describendis,
648 864 778 946 sibique
800 864 849 928 ita
872 865 905 928 in
930 861 996 929 hoc
1019 884 1137 948 genere
1157 867 1326 949 placuisse

227 969 368 1046 videtur,
389 973 425 1031 ut
444 967 510 1030 fere
531 984 710 1048 nimquam,
733 966 791 1032 ubi
805 967 839 1030 in
852 967 1003 1034 homines
1017 988 1061 1033 ex
1073 973 1211 1051 unaque
1226 976 1326 1053 parte

227 1071 370 1152 insignes
385 1067 549 1144 inciderit,
571 1067 751 1148 imaginem
765 1086 878 1132 eorum
899 1068 943 1132 ob
966 1069 1083 1133 oeulos
1097 1087 1221 1152 ponere
1237 1087 1325 1153 prse-

227 1171 396 1236 termittet.
440 1168 508 1234 Hm
522 1187 653 1233 morum
668 1170 863 1248 notationes,
879 1189 967 1253 quae,
983 1178 1173 1254 opportuno
1185 1171 1260 1237 loeo
1274 1173 1324 1238 in·

228 1279 337 1350 seura,
351 1272 482 1336 lectoris
502 1269 669 1353 judicium
690 1269 732 1333 de
752 1269 804 1334 his
823 1265 976 1354 persons
989 1273 1069 1336 mire
1083 1271 1255 1356 adjuvant,
1269 1291 1325 1340 re-

226 1376 322 1441 ritate
343 1381 375 1439 et
395 1373 557 1437 orationis
579 1371 741 1436 brevitate
763 1370 939 1436 admodum
961 1391 999 1436 se
1013 1373 1257 1453 commendam,
1273 1379 1324 1441 in·

228 1478 322 1560 signe
336 1477 446 1559 operis
462 1480 537 1538 sunt
553 1479 780 1538 ornamentum
801 1480 835 1538 et
854 1474 1143 1551 delectamentum,
1163 1476 1325 1544 verietate

227 1577 448 1643 narrationem
471 1575 683 1660 distinguunt,
708 1575 957 1662 legentibusque
982 1581 1058 1641 sunt
1077 1577 1168 1642 velut
1186 1577 1325 1642 diverti·

228 1673 316 1757 aula,
339 1678 396 1743 ubi
419 1677 549 1750 animus
569 1676 730 1758 exlongo
751 1680 793 1740 et
806 1677 983 1744 festinante
1004 1683 1197 1742 trsnscmsu
1215 1679 1323 1744 rernm

226 1782 367 1845 breviter
380 1779 626 1862 propositarum
643 1775 855 1862 requiescere
869 1785 980 1862 queat.

271 1880 402 1946 Deinde
416 1879 475 1944 ubi
491 1879 534 1942 ad
548 1899 599 1944 res
620 1880 713 1963 ipsas
734 1880 877 1957 aceedit,
896 1881 954 1959 ita,
976 1879 1128 1964 partibus
1150 1825 1324 1964 prudenter

226 1959 416 2066 seligendis,
441 2000 603 2044 summam
628 1982 674 2045 rei
698 1981 840 2058 conficit,
863 1987 914 2060 ut,
937 1982 1099 2066 quiequid
1123 1983 1257 2048 lectoris
1280 1983 1324 2048 ad

89 2071 91 2078 ’
226 2103 299 2151 eam
312 2080 577 2165 perspiciendam
600 2081 776 2164 plurimum
798 2082 985 2161 interesset,
1007 2083 1141 2148 minime
1160 2083 1339 2162 desidere-5

214 2175 289 2250 Qus.
320 2183 620 2272 Propxernplisait
633 2184 718 2249 inter
731 2184 798 2247 alia
810 2182 892 2247 belli
906 2185 1042 2249 socialis
1063 2183 1121 2270 (ιι.
1136 2184 1194 2248 15.
1204 2191 1240 2250 et
1252 2183 1324 2269 16.)

225 2293 260 2350 et
275 2282 481 2350 Catilinarise
497 2283 734 2368 conjurationis
749 2286 858 2348 brevis
872 2291 912 2358 et,
926 2292 1007 2370 apte
1029 2287 1209 2369 expositio.
1253 2287 1323 2352 Sed

223 2407 290 2452 non
311 2387 419 2452 solum
442 2386 665 2468 intelligentiae
691 2388 863 2461 lectorum,
884 2407 998 2452 verum
1019 2389 1121 2454 etiam
1145 2386 1322 2456 affectuum

225 2489 327 2556 animi
348 2485 772 2574 movendorumrationem
798 2489 923 2578 haunit,
949 2489 991 2551 iis
1016 2489 1152 2571 quidem
1170 2490 1324 2572 pertibus

121 2599 126 2611 ¹
224 2590 419 2672 deligendis,
432 2609 509 2672 quae
520 2607 624 2651 rerum
636 2595 668 2651 et
681 2607 893 2670 personarum
907 2589 1166 2672 magnitudinem
1182 2592 1225 2656 ob
1239 2609 1321 2656 oeu-

222 2691 275 2754 los
299 2694 434 2772 ponant,
460 2687 722 2752 admirationem
736 2691 896 2766 excitent,
927 2691 1053 2754 metum
1077 2691 1239 2775 injiciant,
1264 2699 1323 2758 aut

224 2789 402 2872 depellant,
417 2795 450 2853 et
462 2789 612 2853 laetitiam
627 2788 668 2851 de
683 2790 777 2852 exitu
796 2791 964 2868 instillent,
979 2791 1126 2856 dolorem
1138 2793 1324 2860 miseratio-

223 2908 365 2973 nemque
390 2895 632 2952 commoveant.
686 2888 808 2972 Itaque
832 2891 1009 2973 legentium
1033 2892 1163 2956 ammos
1194 2896 1322 2976 saepius

223 2997 327 3069 tenet,
354 2990 505 3075 pericula
528 2989 737 3054 discutienda
759 2991 868 3054 oeulis
890 2991 1084 3076 objiciendo
1104 2991 1154 3076 (r.
1178 3012 1208 3056 e.
1226 3009 1269 3056 ιι.
1288 2997 1320 3059 2.

222 3093 254 3158 6.
277 3113 328 3176 sq.
352 3092 404 3156 18.
430 3112 480 3175 sq.
509 3092 585 3157 109.
614 3098 648 3155 et
672 3092 747 3158 110.
774 3087 852 3176 sq),
876 3091 963 3158 vires
994 3092 1201 3158 adversarius
1227 3093 1322 3178 juste

223 3194 389 3276 exigendo
407 3191 456 3277 (v.
472 3212 501 3257 c.
516 3193 547 3256 2.
561 3191 615 3256 49.
629 3192 684 3256 sl.
704 3212 756 3276 sq.
778 3193 831 3257 sl.
848 3195 923 3259 100.
937 3193 1011 3257 110.
1027 3214 1101 3277 sqq.
1125 3194 1202 3258 coll.
1217 3193 1323 3278 111.),

222 3281 459 3378 impedimenta
484 3292 632 3368 consiliis
646 3297 679 3356 et
693 3293 793 3357 rebius
816 3294 953 3375 agendis
968 3295 1102 3378 objecta
1115 3296 1317 3378 exponendo

220 3394 270 3480 (v.
285 3414 314 3458 c.
339 3411 378 3458 u.
400 3395 454 3457 51.
474 3415 525 3476 sq.
546 3397 599 3457 55.
619 3414 670 3479 sq.
687 3396 740 3460 79.
759 3389 840 3478 sq),
863 3395 1089 3473 eonsiliorum,
1109 3397 1231 3479 quibus
1252 3397 1320 3460 dis·

216 3493 314 3579 jecta
327 3503 415 3572 sunt,
431 3496 603 3572 rationem,
616 3501 649 3558 et
662 3495 880 3579 prudentiam,
892 3496 1077 3578 agendique
1092 3497 1318 3576 tortitudinem

220 3595 453 3679 persequendo
475 3595 528 3679 (v.
550 3596 587 3682 ll.¹
606 3587 650 3661 1'1:
660 3604 696 3661 et
720 3615 759 3659 ιι.
780 3596 834 3661 88.
849 3597 926 3661 coll.
944 3615 968 3660 ι.
982 3597 1056 3661 lll..
1072 3596 1145 3660 112.
1160 3593 1266 3678 sqq),
1287 3603 1320 3666 et

219 3696 349 3760 undem
375 3697 420 3760 ad
444 3697 567 3760 exitum
591 3694 757 3762 reihand
782 3705 961 3780 speratum,
992 3696 1047 3761 vel
1076 3695 1320 3777 deplorandruu

218 3791 269 3878 (v.
284 3818 313 3861 c.
328 3815 368 3860 ιι.
382 3798 435 3862 28.
450 3799 504 3862 66.
518 3794 602 3879 67.),
625 3798 846 3881 perdueeudo.
1314 3843 1320 3858 .

263 3895 304 3958 In
322 3900 420 3964 rebus
443 3907 552 3964 summ
572 3901 622 3962 sic
646 3899 827 3966 tractandis
848 3908 883 3964 et
902 3899 1013 3964 causis
1037 3897 1319 3964 eteffectilausre-

141 4045 145 4054 ,
218 4013 291 4058 rum
313 3999 509 4068 brevitatem
529 4020 624 4086 suam
646 4001 815 4079 iustruxit,
836 4001 925 4086 quod
950 4019 1055 4084 genus
1077 4005 1198 4064 vocant
1219 4017 1319 4081 preg-

193 4095 387 4166 ,mannum
437 4103 573 4191 Quippe
596 4119 720 4172 neusse
749 4103 803 4172 rel
827 4104 885 4180 rei⁵
899 4105 1072 4178 uniuersa,
1099 4101 1319 4187 ejusdemque
